{"id": "gen9vgc2025regibo3-2353781065", "format": "[Gen 9] VGC 2025 Reg I (Bo3)", "players": ["ujan_ujon", "arkjsmith"], "log": "|j|\u2606ujan_ujon\n|j|\u2606arkjsmith\n|html|<table width=\"100%\"><tr><td align=\"left\">ujan_ujon</td><td align=\"right\">arkjsmith</tr><tr><td align=\"left\"><i class=\"fa fa-circle-o\"></i> <i class=\"fa fa-circle-o\"></i> </td><td align=\"right\"><i class=\"fa fa-circle-o\"></i> <i class=\"fa fa-circle-o\"></i> </tr></table>\n|uhtml|bestof|<h2><strong>Game 1</strong> of <a href=\"/game-bestof3-gen9vgc2025regibo3-2353781064\">a best-of-3</a></h2>\n|t:|1745998856\n|gametype|doubles\n|player|p1|ujan_ujon|2|1128\n|player|p2|arkjsmith|roxie|1226\n|teamsize|p1|6\n|teamsize|p2|6\n|gen|9\n|tier|[Gen 9] VGC 2025 Reg I (Bo3)\n|rated|\n|rule|Species Clause: Limit one of each Pok\u00e9mon\n|rule|Item Clause: Limit 1 of each item\n|clearpoke\n|poke|p1|Zamazenta-*, L50|\n|poke|p1|Kyogre, L50|\n|poke|p1|Amoonguss, L50, M|\n|poke|p1|Chien-Pao, L50|\n|poke|p1|Urshifu-*, L50, F|\n|poke|p1|Tornadus, L50, M|\n|poke|p2|Koraidon, L50|\n|poke|p2|Flutter Mane, L50|\n|poke|p2|Zacian-*, L50|\n|poke|p2|Indeedee-F, L50, F|\n|poke|p2|Gouging Fire, L50|\n|poke|p2|Brute Bonnet, L50|\n|teampreview|4\n|showteam|p1|Zamazenta-Crowned||RustedShield|DauntlessShield|BodyPress,HeavySlam,WideGuard,Protect||||||50|,,,,,Dragon]Kyogre||MysticWater|Drizzle|OriginPulse,IceBeam,WaterSpout,Protect||||||50|,,,,,Grass]Amoonguss||RockyHelmet|Regenerator|Spore,RagePowder,PollenPuff,Protect|||M|||50|,,,,,Water]Chien-Pao||FocusSash|SwordofRuin|IceSpinner,SuckerPunch,ThroatChop,Protect||||||50|,,,,,Ghost]Urshifu-Rapid-Strike||ChoiceScarf|UnseenFist|SurgingStrikes,CloseCombat,Uturn,RainDance|||F|||50|,,,,,Water]Tornadus||CovertCloak|Prankster|BleakwindStorm,Tailwind,Taunt,RainDance|||M|||50|,,,,,Steel\n|showteam|p2|Koraidon||LifeOrb|OrichalcumPulse|CloseCombat,FlareBlitz,FlameCharge,Protect||||||50|,,,,,Fire]Flutter Mane||FocusSash|Protosynthesis|Moonblast,ShadowBall,IcyWind,Protect||||||50|,,,,,Normal]Zacian-Crowned||RustedSword|IntrepidSword|behemothblade,PlayRough,Substitute,Protect||||||50|,,,,,Water]Indeedee-F||PsychicSeed|PsychicSurge|Psychic,FollowMe,HelpingHand,TrickRoom|||F|||50|,,,,,Water]Gouging Fire||ClearAmulet|Protosynthesis|FlareBlitz,BurningBulwark,BreakingSwipe,Snarl||||||50|,,,,,Fire]Brute Bonnet||CovertCloak|Protosynthesis|SeedBomb,SuckerPunch,Spore,RagePowder||||||50|,,,,,Water\n|inactive|Battle timer is ON: inactive players will automatically lose when time's up. (requested by arkjsmith)\n|inactive|ujan_ujon has 60 seconds left.\n|\n|t:|1745998887\n|start\n|switch|p1a: I|Tornadus, L50, M|100/100\n|switch|p1b: G|Chien-Pao, L50|100/100\n|switch|p2a: Zacian|Zacian-Crowned, L50, shiny|100/100\n|switch|p2b: Brute Bonnet|Brute Bonnet, L50|100/100\n|-ability|p2a: Zacian|Intrepid Sword|boost\n|-boost|p2a: Zacian|atk|1\n|-ability|p1b: G|Sword of Ruin\n|turn|1\n|\n|t:|1745998903\n|-terastallize|p2b: Brute Bonnet|Water\n|move|p1a: I|Taunt|p2a: Zacian\n|-start|p2a: Zacian|move: Taunt\n|move|p2a: Zacian|Behemoth Blade|p1a: I\n|-damage|p1a: I|2/100\n|move|p1b: G|Ice Spinner|p2b: Brute Bonnet\n|-resisted|p2b: Brute Bonnet\n|-damage|p2b: Brute Bonnet|82/100\n|move|p2b: Brute Bonnet|Spore|p1b: G\n|-status|p1b: G|slp|[from] move: Spore\n|\n|upkeep\n|turn|2\n|\n|t:|1745998924\n|cant|p1b: G|slp\n|move|p1a: I|Taunt|p2b: Brute Bonnet\n|-start|p2b: Brute Bonnet|move: Taunt\n|move|p2a: Zacian|Behemoth Blade|p1b: G\n|-supereffective|p1b: G\n|-enditem|p1b: G|Focus Sash\n|-damage|p1b: G|1/100 slp\n|move|p2b: Brute Bonnet|Seed Bomb|p1b: G\n|-damage|p1b: G|0 fnt\n|faint|p1b: G\n|\n|upkeep\n|\n|t:|1745998938\n|switch|p1b: S|Kyogre, L50, shiny|100/100\n|-weather|RainDance|[from] ability: Drizzle|[of] p1b: S\n|turn|3\n|\n|t:|1745998960\n|move|p1a: I|Tailwind|p1a: I\n|-sidestart|p1: ujan_ujon|move: Tailwind\n|move|p2b: Brute Bonnet|Sucker Punch|p1b: S\n|-damage|p1b: S|72/100\n|move|p1b: S|Water Spout|p2a: Zacian|[spread] p2a,p2b\n|-resisted|p2b: Brute Bonnet\n|-damage|p2a: Zacian|23/100\n|-damage|p2b: Brute Bonnet|50/100\n|move|p2a: Zacian|Play Rough|p1b: S\n|-damage|p1b: S|0 fnt\n|faint|p1b: S\n|\n|-weather|RainDance|[upkeep]\n|-end|p2a: Zacian|move: Taunt\n|upkeep\n|\n|t:|1745998972\n|switch|p1b: Usogui|Urshifu-Rapid-Strike, L50, F|100/100\n|turn|4\n|\n|t:|1745998987\n|-terastallize|p1b: Usogui|Water\n|move|p2b: Brute Bonnet|Sucker Punch|p1a: I\n|-damage|p1a: I|0 fnt\n|faint|p1a: I\n|move|p1b: Usogui|Surging Strikes|p2b: Brute Bonnet\n|-resisted|p2b: Brute Bonnet\n|-crit|p2b: Brute Bonnet\n|-damage|p2b: Brute Bonnet|37/100\n|-resisted|p2b: Brute Bonnet\n|-crit|p2b: Brute Bonnet\n|-damage|p2b: Brute Bonnet|25/100\n|-resisted|p2b: Brute Bonnet\n|-crit|p2b: Brute Bonnet\n|-damage|p2b: Brute Bonnet|11/100\n|-hitcount|p2b: Brute Bonnet|3\n|move|p2a: Zacian|Play Rough|p1b: Usogui\n|-damage|p1b: Usogui|23/100\n|\n|-weather|RainDance|[upkeep]\n|-end|p2b: Brute Bonnet|move: Taunt\n|upkeep\n|turn|5\n|\n|t:|1745999005\n|move|p2b: Brute Bonnet|Rage Powder|p2b: Brute Bonnet\n|-singleturn|p2b: Brute Bonnet|move: Rage Powder\n|move|p1b: Usogui|Surging Strikes|p2b: Brute Bonnet\n|-resisted|p2b: Brute Bonnet\n|-crit|p2b: Brute Bonnet\n|-damage|p2b: Brute Bonnet|0 fnt\n|faint|p2b: Brute Bonnet\n|-end|p2b: Brute Bonnet|Protosynthesis|[silent]\n|-hitcount|p2: Brute Bonnet|1\n|move|p2a: Zacian|Play Rough|p1b: Usogui\n|-damage|p1b: Usogui|0 fnt\n|faint|p1b: Usogui\n|\n|win|arkjsmith\n||arkjsmith is ready for game 2.\n||ujan_ujon is ready for game 2.\n|uhtml|next|Next: <a href=\"/battle-gen9vgc2025regibo3-2353782017\"><strong>Game 2 of 3</strong></a>\n", "uploadtime": 1745999272, "views": 23, "formatid": "gen9vgc2025regibo3", "rating": null, "private": 0, "password": null}