{"id": "gen9vgc2025regibo3-2353553595", "format": "[Gen 9] VGC 2025 Reg I (Bo3)", "players": ["TheParasectKing", "B-Nut17"], "log": "|j|\u2606TheParasectKing\n|j|\u2606B-Nut17\n|html|<table width=\"100%\"><tr><td align=\"left\">TheParasectKing</td><td align=\"right\">B-Nut17</tr><tr><td align=\"left\"><i class=\"fa fa-circle-o\"></i> <i class=\"fa fa-circle-o\"></i> </td><td align=\"right\"><i class=\"fa fa-circle-o\"></i> <i class=\"fa fa-circle-o\"></i> </tr></table>\n|uhtml|bestof|<h2><strong>Game 1</strong> of <a href=\"/game-bestof3-gen9vgc2025regibo3-2353553594\">a best-of-3</a></h2>\n|t:|1745967619\n|gametype|doubles\n|player|p1|TheParasectKing|acetrainer-gen4dp|1162\n|player|p2|B-Nut17|dawn|1116\n|teamsize|p1|6\n|teamsize|p2|6\n|gen|9\n|tier|[Gen 9] VGC 2025 Reg I (Bo3)\n|rated|\n|rule|Species Clause: Limit one of each Pok\u00e9mon\n|rule|Item Clause: Limit 1 of each item\n|clearpoke\n|poke|p1|Calyrex-Shadow, L50|\n|poke|p1|Rillaboom, L50, M|\n|poke|p1|Incineroar, L50, F|\n|poke|p1|Ogerpon-Hearthflame, L50, F|\n|poke|p1|Urshifu-*, L50, M|\n|poke|p1|Eternatus, L50|\n|poke|p2|Lunala, L50|\n|poke|p2|Koraidon, L50|\n|poke|p2|Flutter Mane, L50|\n|poke|p2|Indeedee-F, L50, F|\n|poke|p2|Ogerpon-Cornerstone, L50, F|\n|poke|p2|Chi-Yu, L50|\n|teampreview|4\n|showteam|p1|Calyrex-Shadow||LifeOrb|AsOneSpectrier|AstralBarrage,Psychic,NastyPlot,Protect||||||50|,,,,,Dark]Rillaboom||AssaultVest|GrassySurge|Uturn,WoodHammer,FakeOut,GrassyGlide|||M|||50|,,,,,Water]Incineroar||RockyHelmet|Intimidate|FakeOut,WillOWisp,KnockOff,Uturn|||F|||50|,,,,,Bug]Ogerpon-Hearthflame||HearthflameMask|MoldBreaker|FollowMe,WoodHammer,SpikyShield,IvyCudgel|||F|||50|,,,,,Fire]Urshifu-Rapid-Strike||ChoiceScarf|UnseenFist|SurgingStrikes,CloseCombat,AquaJet,Uturn|||M|||50|,,,,,Water]Eternatus||Leftovers|Pressure|Flamethrower,CosmicPower,Recover,Protect||||||50|,,,,,Dark\n|showteam|p2|Lunala||PowerHerb|ShadowShield|Protect,ExpandingForce,MoongeistBeam,MeteorBeam||||||50|,,,,,Water]Koraidon||LifeOrb|OrichalcumPulse|Protect,FlareBlitz,FlameCharge,CloseCombat||||||50|,,,,,Fire]Flutter Mane||FocusSash|Protosynthesis|Protect,Moonblast,ShadowBall,IcyWind||||||50|,,,,,Normal]Indeedee-F||RockyHelmet|PsychicSurge|FollowMe,HelpingHand,ShadowBall,TrickRoom|||F|||50|,,,,,Water]Ogerpon-Cornerstone||CornerstoneMask|Sturdy|Protect,IvyCudgel,PowerWhip,FollowMe|||F|||50|,,,,,Rock]Chi-Yu||ChoiceScarf|BeadsofRuin|HeatWave,Snarl,DarkPulse,Overheat||||||50|,,,,,Fire\n|inactive|Battle timer is ON: inactive players will automatically lose when time's up. (requested by B-Nut17)\n|inactive|TheParasectKing also wants the timer to be on.\n|inactive|TheParasectKing has 60 seconds left.\n|\n|t:|1745967659\n|start\n|switch|p1a: Calyrex|Calyrex-Shadow, L50|100/100\n|switch|p1b: Incineroar|Incineroar, L50, F|100/100\n|switch|p2a: Indeedee|Indeedee-F, L50, F|100/100\n|switch|p2b: Chi-Yu|Chi-Yu, L50|100/100\n|-ability|p1a: Calyrex|As One\n|-ability|p1a: Calyrex|Unnerve\n|-ability|p2b: Chi-Yu|Beads of Ruin\n|-ability|p1b: Incineroar|Intimidate|boost\n|-unboost|p2a: Indeedee|atk|1\n|-unboost|p2b: Chi-Yu|atk|1\n|-fieldstart|move: Psychic Terrain|[from] ability: Psychic Surge|[of] p2a: Indeedee\n|turn|1\n|\n|t:|1745967683\n|switch|p1a: Rillaboom|Rillaboom, L50, M|100/100\n|-fieldstart|move: Grassy Terrain|[from] ability: Grassy Surge|[of] p1a: Rillaboom\n|move|p1b: Incineroar|Fake Out|p2b: Chi-Yu\n|-damage|p2b: Chi-Yu|79/100\n|cant|p2b: Chi-Yu|flinch\n|move|p2a: Indeedee|Shadow Ball|p1a: Rillaboom\n|-damage|p1a: Rillaboom|83/100\n|\n|-heal|p2b: Chi-Yu|85/100|[from] Grassy Terrain\n|-heal|p1a: Rillaboom|89/100|[from] Grassy Terrain\n|upkeep\n|turn|2\n|\n|t:|1745967705\n|switch|p2b: Koraidon|Koraidon, L50|100/100\n|-weather|SunnyDay|[from] ability: Orichalcum Pulse|[of] p2b: Koraidon\n|-activate|p2b: Koraidon|Orichalcum Pulse|[source]\n|move|p1a: Rillaboom|Fake Out|p2b: Koraidon\n|-damage|p2b: Koraidon|88/100\n|move|p2a: Indeedee|Follow Me|p2a: Indeedee\n|-singleturn|p2a: Indeedee|move: Follow Me\n|move|p1b: Incineroar|Knock Off|p2a: Indeedee\n|-supereffective|p2a: Indeedee\n|-damage|p2a: Indeedee|21/100\n|-damage|p1b: Incineroar|84/100|[from] item: Rocky Helmet|[of] p2a: Indeedee\n|-enditem|p2a: Indeedee|Rocky Helmet|[from] move: Knock Off|[of] p1b: Incineroar\n|\n|-weather|SunnyDay|[upkeep]\n|-heal|p2b: Koraidon|94/100|[from] Grassy Terrain\n|-heal|p1a: Rillaboom|95/100|[from] Grassy Terrain\n|-heal|p1b: Incineroar|90/100|[from] Grassy Terrain\n|-heal|p2a: Indeedee|28/100|[from] Grassy Terrain\n|upkeep\n|turn|3\n|inactive|TheParasectKing has 30 seconds left.\n|inactive|B-Nut17 has 30 seconds left.\n|\n|t:|1745967734\n|switch|p1b: Calyrex|Calyrex-Shadow, L50|100/100\n|-ability|p1b: Calyrex|As One\n|-ability|p1b: Calyrex|Unnerve\n|switch|p2a: Chi-Yu|Chi-Yu, L50|85/100\n|-ability|p2a: Chi-Yu|Beads of Ruin\n|-terastallize|p2b: Koraidon|Fire\n|-terastallize|p1a: Rillaboom|Water\n|move|p2b: Koraidon|Flame Charge|p1a: Rillaboom\n|-resisted|p1a: Rillaboom\n|-crit|p1a: Rillaboom\n|-damage|p1a: Rillaboom|25/100\n|-boost|p2b: Koraidon|spe|1\n|-damage|p2b: Koraidon|85/100|[from] item: Life Orb\n|move|p1a: Rillaboom|U-turn|p2a: Chi-Yu\n|-damage|p2a: Chi-Yu|41/100\n|\n|t:|1745967742\n|switch|p1a: Incineroar|Incineroar, L50, F|90/100|[from] U-turn\n|-ability|p1a: Incineroar|Intimidate|boost\n|-unboost|p2a: Chi-Yu|atk|1\n|-unboost|p2b: Koraidon|atk|1\n|\n|-weather|SunnyDay|[upkeep]\n|-heal|p2b: Koraidon|91/100|[from] Grassy Terrain\n|-heal|p2a: Chi-Yu|47/100|[from] Grassy Terrain\n|-heal|p1a: Incineroar|95/100|[from] Grassy Terrain\n|upkeep\n|turn|4\n|\n|t:|1745967766\n|switch|p1b: Rillaboom|Rillaboom, L50, M, tera:Water|25/100\n|move|p1a: Incineroar|Fake Out|p2b: Koraidon\n|-damage|p2b: Koraidon|81/100\n|cant|p2b: Koraidon|flinch\n|move|p2a: Chi-Yu|Dark Pulse|p1b: Rillaboom\n|-damage|p1b: Rillaboom|0 fnt\n|faint|p1b: Rillaboom\n|\n|-weather|SunnyDay|[upkeep]\n|-heal|p2b: Koraidon|87/100|[from] Grassy Terrain\n|-heal|p2a: Chi-Yu|53/100|[from] Grassy Terrain\n|-heal|p1a: Incineroar|100/100|[from] Grassy Terrain\n|upkeep\n|\n|t:|1745967770\n|switch|p1b: Calyrex|Calyrex-Shadow, L50|100/100\n|-ability|p1b: Calyrex|As One\n|-ability|p1b: Calyrex|Unnerve\n|turn|5\n|-message|TheParasectKing forfeited.\n|\n|win|B-Nut17\n||TheParasectKing is ready for game 2.\n|inactive|B-Nut17 has 30 seconds to confirm battle start!\n||B-Nut17 is ready for game 2.\n|uhtml|next|Next: <a href=\"/battle-gen9vgc2025regibo3-2353555088\"><strong>Game 2 of 3</strong></a>\n|l|\u2606B-Nut17\n|player|p2|\n", "uploadtime": 1745968316, "views": 16, "formatid": "gen9vgc2025regibo3", "rating": null, "private": 0, "password": null}