{"id": "gen9vgc2025regibo3-2354084764", "format": "[Gen 9] VGC 2025 Reg I (Bo3)", "players": ["fifthtimesthecharm", "pon seis nueve"], "log": "|j|\u2606fifthtimesthecharm\n|j|\u203dpon seis nueve\n|html|<table width=\"100%\"><tr><td align=\"left\">fifthtimesthecharm</td><td align=\"right\">pon seis nueve</tr><tr><td align=\"left\"><i class=\"fa fa-circle\"></i> <i class=\"fa fa-circle-o\"></i> </td><td align=\"right\"><i class=\"fa fa-circle-o\"></i> <i class=\"fa fa-circle-o\"></i> </tr></table>\n|uhtml|bestof|<h2><strong>Game 2</strong> of <a href=\"/game-bestof3-gen9vgc2025regibo3-2354082113\">a best-of-3</a></h2>\n|t:|1746033526\n|gametype|doubles\n|player|p1|fifthtimesthecharm|caitlin-masters|1223\n|player|p2|pon seis nueve|marlon|1254\n|teamsize|p1|6\n|teamsize|p2|6\n|gen|9\n|tier|[Gen 9] VGC 2025 Reg I (Bo3)\n|rated|\n|rule|Species Clause: Limit one of each Pok\u00e9mon\n|rule|Item Clause: Limit 1 of each item\n|clearpoke\n|poke|p1|Tornadus, L50, M|\n|poke|p1|Calyrex-Shadow, L50|\n|poke|p1|Miraidon, L50|\n|poke|p1|Urshifu-*, L50, M|\n|poke|p1|Iron Hands, L50|\n|poke|p1|Grimmsnarl, L50, M|\n|poke|p2|Zamazenta-*, L50|\n|poke|p2|Calyrex-Shadow, L50|\n|poke|p2|Tornadus, L50, M|\n|poke|p2|Urshifu-*, L50, M|\n|poke|p2|Rillaboom, L50, M|\n|poke|p2|Chien-Pao, L50|\n|teampreview|4\n|showteam|p1|Tornadus||CovertCloak|Prankster|Tailwind,BleakwindStorm,Taunt,RainDance|||M|||50|,,,,,Dark]Calyrex-Shadow||FocusSash|AsOneSpectrier|Psyshock,AstralBarrage,Protect,NastyPlot||||||50|,,,,,Dark]Miraidon||ChoiceSpecs|HadronEngine|DazzlingGleam,VoltSwitch,ElectroDrift,DracoMeteor||||||50|,,,,,Fairy]Urshifu-Rapid-Strike||MysticWater|UnseenFist|Detect,SurgingStrikes,CloseCombat,AquaJet|||M|||50|,,,,,Water]Iron Hands||AssaultVest|QuarkDrive|FakeOut,WildCharge,LowKick,DrainPunch||||||50|,,,,,Water]Grimmsnarl||LightClay|Prankster|LightScreen,Reflect,ThunderWave,FoulPlay|||M|||50|,,,,,Ghost\n|showteam|p2|Zamazenta-Crowned||RustedShield|DauntlessShield|BodyPress,HeavySlam,WideGuard,Protect||||||50|,,,,,Dragon]Calyrex-Shadow||FocusSash|AsOneSpectrier|AstralBarrage,Psychic,Encore,Protect||||||50|,,,,,Ghost]Tornadus||RockyHelmet|Prankster|BleakwindStorm,Tailwind,RainDance,Protect|||M|||50|,,,,,Dark]Urshifu-Rapid-Strike||MysticWater|UnseenFist|SurgingStrikes,CloseCombat,AquaJet,Detect|||M|||50|,,,,,Water]Rillaboom||AssaultVest|GrassySurge|WoodHammer,GrassyGlide,Uturn,FakeOut|||M|||50|,,,,,Fire]Chien-Pao||LifeOrb|SwordofRuin|SuckerPunch,IcicleCrash,ThroatChop,Protect||||||50|,,,,,Stellar\n|inactive|Battle timer is ON: inactive players will automatically lose when time's up. (requested by fifthtimesthecharm)\n|\n|t:|1746033556\n|start\n|switch|p1a: Urshifu|Urshifu-Rapid-Strike, L50, M|100/100\n|switch|p1b: mello|Tornadus, L50, M|100/100\n|switch|p2a: Calyrex|Calyrex-Shadow, L50|100/100\n|switch|p2b: Chien-Pao|Chien-Pao, L50|100/100\n|-ability|p2a: Calyrex|As One\n|-ability|p2a: Calyrex|Unnerve\n|-ability|p2b: Chien-Pao|Sword of Ruin\n|turn|1\n|inactive|pon seis nueve has 30 seconds left.\n|\n|t:|1746033586\n|-terastallize|p1a: Urshifu|Water\n|move|p1b: mello|Tailwind|p1b: mello\n|-sidestart|p1: fifthtimesthecharm|move: Tailwind\n|move|p1a: Urshifu|Surging Strikes|p2a: Calyrex\n|-crit|p2a: Calyrex\n|-damage|p2a: Calyrex|46/100\n|-crit|p2a: Calyrex\n|-damage|p2a: Calyrex|0 fnt\n|faint|p2a: Calyrex\n|-hitcount|p2: Calyrex|2\n|move|p2b: Chien-Pao|Icicle Crash|p1b: mello\n|-supereffective|p1b: mello\n|-damage|p1b: mello|0 fnt\n|faint|p1b: mello\n|-damage|p2b: Chien-Pao|91/100|[from] item: Life Orb\n|\n|upkeep\n|\n|t:|1746033598\n|switch|p2a: Zamazenta|Zamazenta-Crowned, L50|100/100\n|switch|p1b: yo gurt|Calyrex-Shadow, L50|100/100\n|-ability|p1b: yo gurt|As One\n|-ability|p1b: yo gurt|Unnerve\n|-ability|p2a: Zamazenta|Dauntless Shield|boost\n|-boost|p2a: Zamazenta|def|1\n|turn|2\n|inactive|pon seis nueve has 30 seconds left.\n|\n|t:|1746033625\n|move|p1b: yo gurt|Protect|p1b: yo gurt\n|-singleturn|p1b: yo gurt|Protect\n|move|p2a: Zamazenta|Wide Guard|p2a: Zamazenta\n|-singleturn|p2a: Zamazenta|Wide Guard\n|move|p1a: Urshifu|Surging Strikes|p2b: Chien-Pao\n|-crit|p2b: Chien-Pao\n|-damage|p2b: Chien-Pao|50/100\n|-crit|p2b: Chien-Pao\n|-damage|p2b: Chien-Pao|8/100\n|-crit|p2b: Chien-Pao\n|-damage|p2b: Chien-Pao|0 fnt\n|faint|p2b: Chien-Pao\n|-hitcount|p2: Chien-Pao|3\n|\n|upkeep\n|\n|t:|1746033628\n|switch|p2b: Rillaboom|Rillaboom, L50, M|100/100\n|-fieldstart|move: Grassy Terrain|[from] ability: Grassy Surge|[of] p2b: Rillaboom\n|turn|3\n|inactive|pon seis nueve has 30 seconds left.\n|inactive|pon seis nueve has 20 seconds left.\n|\n|t:|1746033664\n|switch|p1b: CyclistFault|Miraidon, L50|100/100\n|-fieldstart|move: Electric Terrain|[from] ability: Hadron Engine|[of] p1b: CyclistFault\n|move|p1a: Urshifu|Surging Strikes|p2a: Zamazenta\n|-crit|p2a: Zamazenta\n|-damage|p2a: Zamazenta|78/100\n|-crit|p2a: Zamazenta\n|-damage|p2a: Zamazenta|58/100\n|-crit|p2a: Zamazenta\n|-damage|p2a: Zamazenta|37/100\n|-hitcount|p2a: Zamazenta|3\n|move|p2a: Zamazenta|Heavy Slam|p1a: Urshifu\n|-resisted|p1a: Urshifu\n|-damage|p1a: Urshifu|76/100\n|move|p2b: Rillaboom|Wood Hammer|p1a: Urshifu\n|-supereffective|p1a: Urshifu\n|-damage|p1a: Urshifu|0 fnt\n|faint|p1a: Urshifu\n|-damage|p2b: Rillaboom|79/100|[from] Recoil\n|\n|upkeep\n|\n|t:|1746033678\n|switch|p1a: yo gurt|Calyrex-Shadow, L50|100/100\n|-ability|p1a: yo gurt|As One\n|-ability|p1a: yo gurt|Unnerve\n|turn|4\n|\n|t:|1746033690\n|move|p2a: Zamazenta|Protect|p2a: Zamazenta\n|-singleturn|p2a: Zamazenta|Protect\n|move|p1a: yo gurt|Psyshock|p2b: Rillaboom\n|-damage|p2b: Rillaboom|33/100\n|move|p1b: CyclistFault|Electro Drift|p2b: Rillaboom\n|-resisted|p2b: Rillaboom\n|-damage|p2b: Rillaboom|0 fnt\n|faint|p2b: Rillaboom\n|\n|-sideend|p1: fifthtimesthecharm|move: Tailwind\n|upkeep\n|turn|5\n|\n|t:|1746033697\n|move|p1a: yo gurt|Astral Barrage|p2a: Zamazenta\n|-damage|p2a: Zamazenta|0 fnt\n|faint|p2a: Zamazenta\n|\n|win|fifthtimesthecharm\n|raw|fifthtimesthecharm's rating: 1223 &rarr; <strong>1250</strong><br />(+27 for winning)\n|raw|pon seis nueve's rating: 1254 &rarr; <strong>1227</strong><br />(-27 for losing)\n", "uploadtime": 1746033705, "views": 6, "formatid": "gen9vgc2025regibo3", "rating": 1227, "private": 0, "password": null}