{"id": "gen9vgc2025regibo3-2353676815", "format": "[Gen 9] VGC 2025 Reg I (Bo3)", "players": ["Lollipopyay", "papulistico"], "log": "|j|\u2606Lollipopyay\n|j|\u2606papulistico\n|html|<table width=\"100%\"><tr><td align=\"left\">Lollipopyay</td><td align=\"right\">papulistico</tr><tr><td align=\"left\"><i class=\"fa fa-circle-o\"></i> <i class=\"fa fa-circle-o\"></i> </td><td align=\"right\"><i class=\"fa fa-circle-o\"></i> <i class=\"fa fa-circle\"></i> </tr></table>\n|uhtml|bestof|<h2><strong>Game 2</strong> of <a href=\"/game-bestof3-gen9vgc2025regibo3-2353675514\">a best-of-3</a></h2>\n|t:|1745982300\n|gametype|doubles\n|player|p1|Lollipopyay|1|1111\n|player|p2|papulistico|nate|1136\n|teamsize|p1|6\n|teamsize|p2|6\n|gen|9\n|tier|[Gen 9] VGC 2025 Reg I (Bo3)\n|rated|\n|rule|Species Clause: Limit one of each Pok\u00e9mon\n|rule|Item Clause: Limit 1 of each item\n|clearpoke\n|poke|p1|Necrozma-Dawn-Wings, L50|\n|poke|p1|Calyrex-Ice, L50|\n|poke|p1|Ursaluna-Bloodmoon, L50, M|\n|poke|p1|Indeedee-F, L50, F|\n|poke|p1|Hatterene, L50, F|\n|poke|p1|Porygon2, L50|\n|poke|p2|Miraidon, L50|\n|poke|p2|Calyrex-Ice, L50|\n|poke|p2|Ogerpon-Hearthflame, L50, F|\n|poke|p2|Iron Hands, L50|\n|poke|p2|Farigiraf, L50, F|\n|poke|p2|Urshifu-*, L50, M|\n|teampreview|4\n|showteam|p1|Necrozma-Dawn-Wings||LifeOrb|PrismArmor|CalmMind,MoongeistBeam,TeraBlast,ExpandingForce||||||50|,,,,,Fighting]Calyrex-Ice||ChoiceBand|AsOneGlastrier|GlacialLance,HighHorsepower,CloseCombat,ZenHeadbutt||||||50|,,,,,Ground]Ursaluna-Bloodmoon||SilkScarf|MindsEye|CalmMind,BloodMoon,EarthPower,Protect|||M|||50|,,,,,Normal]Indeedee-F||SafetyGoggles|PsychicSurge|FollowMe,TrickRoom,HelpingHand,Protect|||F|||50|,,,,,Fairy]Hatterene||FocusSash|MagicBounce|TrickRoom,ExpandingForce,HealingWish,Nuzzle|||F|||50|,,,,,Ghost]Porygon2||Eviolite|Download|TeraBlast,TrickRoom,Protect,ShadowBall||||||50|,,,,,Fairy\n|showteam|p2|Miraidon||ChoiceSpecs|HadronEngine|ElectroDrift,DracoMeteor,VoltSwitch,DazzlingGleam||||||50|,,,,,Fairy]Calyrex-Ice||ClearAmulet|AsOneGlastrier|GlacialLance,HighHorsepower,TrickRoom,Protect||||||50|,,,,,Fire]Ogerpon-Hearthflame||HearthflameMask|MoldBreaker|IvyCudgel,HelpingHand,FollowMe,SpikyShield|||F|||50|,,,,,Fire]Iron Hands||AssaultVest|QuarkDrive|DrainPunch,WildCharge,FakeOut,LowKick||||||50|,,,,,Bug]Farigiraf||ElectricSeed|ArmorTail|FoulPlay,Imprison,HelpingHand,TrickRoom|||F|||50|,,,,,Water]Urshifu||FocusSash|UnseenFist|WickedBlow,CloseCombat,Protect,SuckerPunch|||M|||50|,,,,,Dark\n|\n|t:|1745982317\n|start\n|switch|p1a: Necrozma|Necrozma-Dawn-Wings, L50|100/100\n|switch|p1b: Indeedee|Indeedee-F, L50, F|100/100\n|switch|p2a: Farigiraf|Farigiraf, L50, F|100/100\n|switch|p2b: Calyrex|Calyrex-Ice, L50|100/100\n|-ability|p2b: Calyrex|As One\n|-ability|p2b: Calyrex|Unnerve\n|-fieldstart|move: Psychic Terrain|[from] ability: Psychic Surge|[of] p1b: Indeedee\n|turn|1\n|\n|t:|1745982332\n|-terastallize|p2b: Calyrex|Fire\n|move|p1b: Indeedee|Protect|p1b: Indeedee\n|-singleturn|p1b: Indeedee|Protect\n|move|p1a: Necrozma|Calm Mind|p1a: Necrozma\n|-boost|p1a: Necrozma|spa|1\n|-boost|p1a: Necrozma|spd|1\n|move|p2b: Calyrex|Glacial Lance|p1a: Necrozma|[spread] p1a\n|-activate|p1b: Indeedee|move: Protect\n|-damage|p1a: Necrozma|62/100\n|move|p2a: Farigiraf|Trick Room|p2a: Farigiraf\n|-fieldstart|move: Trick Room|[of] p2a: Farigiraf\n|\n|upkeep\n|turn|2\n|\n|t:|1745982346\n|move|p2a: Farigiraf|Helping Hand|p2b: Calyrex\n|-singleturn|p2b: Calyrex|Helping Hand|[of] p2a: Farigiraf\n|move|p1b: Indeedee|Helping Hand|p1a: Necrozma\n|-singleturn|p1a: Necrozma|Helping Hand|[of] p1b: Indeedee\n|move|p2b: Calyrex|Glacial Lance|p1b: Indeedee|[spread] p1a,p1b\n|-damage|p1a: Necrozma|2/100\n|-damage|p1b: Indeedee|36/100\n|move|p1a: Necrozma|Expanding Force|p2a: Farigiraf|[spread] p2a,p2b\n|-resisted|p2a: Farigiraf\n|-damage|p2a: Farigiraf|20/100\n|-damage|p2b: Calyrex|0 fnt\n|faint|p2b: Calyrex\n|-damage|p1a: Necrozma|0 fnt|[from] item: Life Orb\n|faint|p1a: Necrozma\n|\n|upkeep\n|\n|t:|1745982358\n|switch|p2b: Urshifu|Urshifu, L50, M|100/100\n|switch|p1a: Calyrex|Calyrex-Ice, L50|100/100\n|-ability|p1a: Calyrex|As One\n|-ability|p1a: Calyrex|Unnerve\n|turn|3\n|\n|t:|1745982367\n|-terastallize|p1a: Calyrex|Ground\n|move|p1b: Indeedee|Helping Hand|p1a: Calyrex\n|-singleturn|p1a: Calyrex|Helping Hand|[of] p1b: Indeedee\n|move|p1a: Calyrex|Glacial Lance|p2b: Urshifu|[spread] p2a,p2b\n|-damage|p2a: Farigiraf|0 fnt\n|-enditem|p2b: Urshifu|Focus Sash\n|-damage|p2b: Urshifu|1/100\n|faint|p2a: Farigiraf\n|-ability|p1a: Calyrex|Chilling Neigh|boost\n|-boost|p1a: Calyrex|atk|1\n|move|p2b: Urshifu|Wicked Blow|p1a: Calyrex\n|-crit|p1a: Calyrex\n|-damage|p1a: Calyrex|67/100\n|\n|upkeep\n|\n|t:|1745982391\n|switch|p2a: Ogerpon|Ogerpon-Hearthflame, L50, F|100/100\n|-ability|p2a: Ogerpon|Mold Breaker\n|turn|4\n|\n|t:|1745982403\n|move|p1b: Indeedee|Helping Hand|p1a: Calyrex\n|-singleturn|p1a: Calyrex|Helping Hand|[of] p1b: Indeedee\n|move|p2b: Urshifu|Sucker Punch|p1a: Calyrex\n|-activate|p1a: Calyrex|move: Psychic Terrain\n|move|p1a: Calyrex|Glacial Lance|p2a: Ogerpon|[spread] p2a,p2b\n|-damage|p2a: Ogerpon|0 fnt\n|-damage|p2b: Urshifu|0 fnt\n|faint|p2a: Ogerpon\n|faint|p2b: Urshifu\n|\n|win|Lollipopyay\n||papulistico is ready for game 3.\n|l|\u2606Lollipopyay\n|player|p1|\n||Lollipopyay is ready for game 3.\n|uhtml|next|Next: <a href=\"/battle-gen9vgc2025regibo3-2353677674\"><strong>Game 3 of 3</strong></a>\n|l|\u2606papulistico\n|player|p2|\n", "uploadtime": 1745982763, "views": 6, "formatid": "gen9vgc2025regibo3", "rating": null, "private": 0, "password": null}