{"id": "gen9vgc2025regibo3-2354301437", "format": "[Gen 9] VGC 2025 Reg I (Bo3)", "players": ["atrixmj", "Chaotic Raos"], "log": "|j|\u2606atrixmj\n|j|\u2606Chaotic Raos\n|html|<table width=\"100%\"><tr><td align=\"left\">atrixmj</td><td align=\"right\">Chaotic Raos</tr><tr><td align=\"left\"><i class=\"fa fa-circle-o\"></i> <i class=\"fa fa-circle-o\"></i> </td><td align=\"right\"><i class=\"fa fa-circle-o\"></i> <i class=\"fa fa-circle-o\"></i> </tr></table>\n|uhtml|bestof|<h2><strong>Game 1</strong> of <a href=\"/game-bestof3-gen9vgc2025regibo3-2354301436\">a best-of-3</a></h2>\n|t:|1746054780\n|gametype|doubles\n|player|p1|atrixmj|265|1401\n|player|p2|Chaotic Raos|bellelba|1363\n|teamsize|p1|6\n|teamsize|p2|6\n|gen|9\n|tier|[Gen 9] VGC 2025 Reg I (Bo3)\n|rated|\n|rule|Species Clause: Limit one of each Pok\u00e9mon\n|rule|Item Clause: Limit 1 of each item\n|clearpoke\n|poke|p1|Lunala, L50|\n|poke|p1|Koraidon, L50|\n|poke|p1|Chi-Yu, L50|\n|poke|p1|Ursaluna, L50, M|\n|poke|p1|Flutter Mane, L50|\n|poke|p1|Indeedee-F, L50, F|\n|poke|p2|Kyogre, L50|\n|poke|p2|Tornadus, L50, M|\n|poke|p2|Zacian-*, L50|\n|poke|p2|Amoonguss, L50, M|\n|poke|p2|Iron Hands, L50|\n|poke|p2|Flutter Mane, L50|\n|teampreview|4\n|showteam|p1|Lunala||SafetyGoggles|ShadowShield|MoongeistBeam,ExpandingForce,WideGuard,TrickRoom||||||50|,,,,,Water]Koraidon||LifeOrb|OrichalcumPulse|CloseCombat,FlareBlitz,FlameCharge,Protect||||||50|,,,,,Fire]Chi-Yu||ChoiceScarf|BeadsofRuin|HeatWave,Flamethrower,DarkPulse,Snarl||||||50|,,,,,Fire]Ursaluna||FlameOrb|Guts|Facade,HeadlongRush,Earthquake,Protect|||M|||50|,,,,,Ghost]Flutter Mane||FocusSash|Protosynthesis|Moonblast,IcyWind,Taunt,Protect||||||50|,,,,,Fairy]Indeedee-F||RockyHelmet|PsychicSurge|Psychic,FollowMe,HelpingHand,TrickRoom|||F|||50|,,,,,Water\n|showteam|p2|Kyogre||MysticWater|Drizzle|WaterSpout,OriginPulse,Protect,IceBeam||||||50|,,,,,Grass]Tornadus||CovertCloak|Prankster|Tailwind,BleakwindStorm,Taunt,RainDance|||M|||50|,,,,,Dark]Zacian-Crowned||RustedSword|IntrepidSword|behemothblade,PlayRough,SacredSword,Protect||||||50|,,,,,Water]Amoonguss||RockyHelmet|Regenerator|Spore,RagePowder,PollenPuff,Protect|||M|||50|,,,,,Water]Iron Hands||AssaultVest|QuarkDrive|FakeOut,WildCharge,DrainPunch,LowKick||||||50|,,,,,Grass]Flutter Mane||BoosterEnergy|Protosynthesis|ShadowBall,DazzlingGleam,IcyWind,Protect||||||50|,,,,,Fairy\n|inactive|Battle timer is ON: inactive players will automatically lose when time's up. (requested by atrixmj)\n|\n|t:|1746054813\n|start\n|switch|p1a: M. LOVE|Lunala, L50, shiny|100/100\n|switch|p1b: TETOTETOTETO|Indeedee-F, L50, F|100/100\n|switch|p2a: Tornadus|Tornadus, L50, M|100/100\n|switch|p2b: Zacian|Zacian-Crowned, L50|100/100\n|-ability|p2b: Zacian|Intrepid Sword|boost\n|-boost|p2b: Zacian|atk|1\n|-fieldstart|move: Psychic Terrain|[from] ability: Psychic Surge|[of] p1b: TETOTETOTETO\n|turn|1\n|inactive|atrixmj has 30 seconds left.\n|inactive|atrixmj has 20 seconds left.\n|inactive|atrixmj has 15 seconds left.\n|inactive|atrixmj has 10 seconds left.\n|\n|t:|1746054858\n|-terastallize|p1a: M. LOVE|Water\n|move|p1b: TETOTETOTETO|Follow Me|p1b: TETOTETOTETO\n|-singleturn|p1b: TETOTETOTETO|move: Follow Me\n|move|p2b: Zacian|Play Rough|p1b: TETOTETOTETO\n|-damage|p1b: TETOTETOTETO|17/100\n|-damage|p2b: Zacian|84/100|[from] item: Rocky Helmet|[of] p1b: TETOTETOTETO\n|move|p2a: Tornadus|Bleakwind Storm|p1b: TETOTETOTETO|[spread] p1a,p1b\n|-damage|p1a: M. LOVE|88/100\n|-damage|p1b: TETOTETOTETO|0 fnt\n|faint|p1b: TETOTETOTETO\n|move|p1a: M. LOVE|Trick Room|p1a: M. LOVE\n|-fieldstart|move: Trick Room|[of] p1a: M. LOVE\n|\n|upkeep\n|\n|t:|1746054861\n|switch|p1b: PINK SLIME|Ursaluna, L50, M, shiny|100/100\n|turn|2\n|inactive|Chaotic Raos has 30 seconds left.\n|inactive|Chaotic Raos has 20 seconds left.\n|inactive|Chaotic Raos has 15 seconds left.\n|\n|t:|1746054905\n|-terastallize|p2b: Zacian|Water\n|move|p1b: PINK SLIME|Headlong Rush|p2b: Zacian\n|-damage|p2b: Zacian|23/100\n|-unboost|p1b: PINK SLIME|def|1\n|-unboost|p1b: PINK SLIME|spd|1\n|move|p1a: M. LOVE|Expanding Force|p2b: Zacian|[spread] p2a,p2b\n|-damage|p2a: Tornadus|13/100\n|-damage|p2b: Zacian|0 fnt\n|faint|p2b: Zacian\n|move|p2a: Tornadus|Bleakwind Storm|p1b: PINK SLIME|[spread] p1a,p1b\n|-damage|p1a: M. LOVE|64/100\n|-damage|p1b: PINK SLIME|53/100\n|-unboost|p1a: M. LOVE|spe|1\n|\n|-status|p1b: PINK SLIME|brn|[from] item: Flame Orb\n|upkeep\n|\n|t:|1746054920\n|switch|p2b: Iron Hands|Iron Hands, L50|100/100\n|turn|3\n|\n|t:|1746054932\n|move|p1b: PINK SLIME|Headlong Rush|p2b: Iron Hands\n|-supereffective|p2b: Iron Hands\n|-damage|p2b: Iron Hands|0 fnt\n|-unboost|p1b: PINK SLIME|def|1\n|-unboost|p1b: PINK SLIME|spd|1\n|faint|p2b: Iron Hands\n|-end|p2b: Iron Hands|Quark Drive|[silent]\n|move|p1a: M. LOVE|Expanding Force|p2a: Tornadus\n|-damage|p2a: Tornadus|0 fnt\n|faint|p2a: Tornadus\n|\n|-damage|p1b: PINK SLIME|47/100 brn|[from] brn\n|upkeep\n|\n|t:|1746054937\n|switch|p2a: Kyogre|Kyogre, L50|100/100\n|-weather|RainDance|[from] ability: Drizzle|[of] p2a: Kyogre\n|turn|4\n|\n|t:|1746054944\n|move|p1b: PINK SLIME|Facade|p2a: Kyogre\n|-damage|p2a: Kyogre|0 fnt\n|faint|p2a: Kyogre\n|\n|win|atrixmj\n||atrixmj is ready for game 2.\n||Chaotic Raos is ready for game 2.\n|uhtml|next|Next: <a href=\"/battle-gen9vgc2025regibo3-2354302864\"><strong>Game 2 of 3</strong></a>\n|l|\u2606atrixmj\n|player|p1|\n", "uploadtime": 1746055301, "views": 24, "formatid": "gen9vgc2025regibo3", "rating": null, "private": 0, "password": null}