{"id": "gen9vgc2025regibo3-2353849223", "format": "[Gen 9] VGC 2025 Reg I (Bo3)", "players": ["mareepmuamuamua", "snarf6969"], "log": "|j|\u2606mareepmuamuamua\n|j|\u2606snarf6969\n|html|<table width=\"100%\"><tr><td align=\"left\">mareepmuamuamua</td><td align=\"right\">snarf6969</tr><tr><td align=\"left\"><i class=\"fa fa-circle-o\"></i> <i class=\"fa fa-circle-o\"></i> </td><td align=\"right\"><i class=\"fa fa-circle-o\"></i> <i class=\"fa fa-circle\"></i> </tr></table>\n|uhtml|bestof|<h2><strong>Game 2</strong> of <a href=\"/game-bestof3-gen9vgc2025regibo3-2353846850\">a best-of-3</a></h2>\n|t:|1746009964\n|gametype|doubles\n|player|p1|mareepmuamuamua|cyclistf|1050\n|player|p2|snarf6969|102|1083\n|teamsize|p1|6\n|teamsize|p2|6\n|gen|9\n|tier|[Gen 9] VGC 2025 Reg I (Bo3)\n|rated|\n|rule|Species Clause: Limit one of each Pok\u00e9mon\n|rule|Item Clause: Limit 1 of each item\n|clearpoke\n|poke|p1|Calyrex-Shadow, L50|\n|poke|p1|Flutter Mane, L50|\n|poke|p1|Talonflame, L50, M|\n|poke|p1|Ogerpon-Cornerstone, L50, F|\n|poke|p1|Koraidon, L50|\n|poke|p1|Chi-Yu, L50|\n|poke|p2|Calyrex-Shadow, L50|\n|poke|p2|Miraidon, L50|\n|poke|p2|Maushold, L50|\n|poke|p2|Farigiraf, L50, F|\n|poke|p2|Iron Bundle, L50|\n|poke|p2|Landorus-Therian, L50, M|\n|teampreview|4\n|showteam|p1|Calyrex-Shadow||LifeOrb|AsOneSpectrier|Protect,DrainingKiss,AstralBarrage,NastyPlot||||||50|,,,,,Fairy]Flutter Mane||FocusSash|Protosynthesis|Imprison,TrickRoom,IcyWind,Moonblast||||||50|,,,,,Grass]Talonflame||SharpBeak|GaleWings|Tailwind,DualWingbeat,BraveBird,WillOWisp|||M|||50|,,,,,Ghost]Ogerpon-Cornerstone||CornerstoneMask|Sturdy|SpikyShield,Taunt,IvyCudgel,FollowMe|||F|||50|,,,,,Rock]Koraidon||ClearAmulet|OrichalcumPulse|CollisionCourse,ScaleShot,Protect,FlareBlitz||||||50|,,,,,Fire]Chi-Yu||ChoiceScarf|BeadsofRuin|SunnyDay,HeatWave,Snarl,DarkPulse||||||50|,,,,,Ghost\n|showteam|p2|Calyrex-Shadow||FocusSash|AsOneSpectrier|AstralBarrage,Protect,Substitute,Psyshock||||||50|,,,,,Ghost]Miraidon||ChoiceSpecs|HadronEngine|ElectroDrift,VoltSwitch,DracoMeteor,TeraBlast||||||50|,,,,,Electric]Maushold||SafetyGoggles|FriendGuard|FollowMe,Taunt,Encore,Protect||||||50|,,,,,Ghost]Farigiraf||ElectricSeed|ArmorTail|TrickRoom,Imprison,Psychic,Protect|||F|||50|,,,,,Ground]Iron Bundle||BoosterEnergy|QuarkDrive|IcyWind,HydroPump,FreezeDry,Protect||||||50|,,,,,Ice]Landorus-Therian||AssaultVest|Intimidate|Earthquake,BrickBreak,RockSlide,Uturn|||M|||50|,,,,,Water\n|inactive|Battle timer is ON: inactive players will automatically lose when time's up. (requested by snarf6969)\n|inactive|snarf6969 has 60 seconds left.\n|inactive|snarf6969 has 30 seconds left.\n|inactive|snarf6969 has 20 seconds left.\n|inactive|snarf6969 has 15 seconds left.\n|inactive|snarf6969 has 10 seconds left.\n|\n|t:|1746010046\n|start\n|switch|p1a: Chi-Yu|Chi-Yu, L50|100/100\n|switch|p1b: Koraidon|Koraidon, L50|100/100\n|switch|p2a: Farigiraf|Farigiraf, L50, F|100/100\n|switch|p2b: Calyrex|Calyrex-Shadow, L50|100/100\n|-ability|p2b: Calyrex|As One\n|-ability|p2b: Calyrex|Unnerve\n|-ability|p1a: Chi-Yu|Beads of Ruin\n|-weather|SunnyDay|[from] ability: Orichalcum Pulse|[of] p1b: Koraidon\n|-activate|p1b: Koraidon|Orichalcum Pulse|[source]\n|turn|1\n|inactive|mareepmuamuamua has 30 seconds left.\n|inactive|mareepmuamuamua has 20 seconds left.\n|inactive|mareepmuamuamua has 15 seconds left.\n|inactive|mareepmuamuamua has 10 seconds left.\n|inactive|mareepmuamuamua has 5 seconds left.\n|\n|t:|1746010097\n|switch|p2b: Landorus|Landorus-Therian, L50, M|100/100\n|-ability|p2b: Landorus|Intimidate|boost\n|-unboost|p1a: Chi-Yu|atk|1\n|-fail|p1b: Koraidon|unboost|[from] item: Clear Amulet|[of] p1b: Koraidon\n|move|p1a: Chi-Yu|Snarl|p2a: Farigiraf|[spread] p2a,p2b\n|-supereffective|p2a: Farigiraf\n|-damage|p2a: Farigiraf|49/100\n|-damage|p2b: Landorus|79/100\n|-unboost|p2a: Farigiraf|spa|1\n|-unboost|p2b: Landorus|spa|1\n|move|p1b: Koraidon|Collision Course|p2a: Farigiraf\n|-damage|p2a: Farigiraf|0 fnt\n|faint|p2a: Farigiraf\n|\n|-weather|SunnyDay|[upkeep]\n|upkeep\n|inactive|snarf6969 has 30 seconds left.\n|inactive|snarf6969 has 20 seconds left.\n|\n|t:|1746010135\n|switch|p2a: Calyrex|Calyrex-Shadow, L50|100/100\n|-ability|p2a: Calyrex|As One\n|-ability|p2a: Calyrex|Unnerve\n|turn|2\n|\n|t:|1746010148\n|move|p2a: Calyrex|Protect|p2a: Calyrex\n|-singleturn|p2a: Calyrex|Protect\n|move|p1a: Chi-Yu|Snarl|p2b: Landorus|[spread] p2b\n|-activate|p2a: Calyrex|move: Protect\n|-damage|p2b: Landorus|60/100\n|-unboost|p2b: Landorus|spa|1\n|move|p1b: Koraidon|Scale Shot|p2b: Landorus\n|-damage|p2b: Landorus|43/100\n|-damage|p2b: Landorus|28/100\n|-damage|p2b: Landorus|9/100\n|-hitcount|p2b: Landorus|3\n|-unboost|p1b: Koraidon|def|1\n|-boost|p1b: Koraidon|spe|1\n|move|p2b: Landorus|Earthquake|p1b: Koraidon|[spread] p1a,p1b\n|-activate|p2a: Calyrex|move: Protect\n|-supereffective|p1a: Chi-Yu\n|-crit|p1b: Koraidon\n|-damage|p1a: Chi-Yu|0 fnt\n|-damage|p1b: Koraidon|14/100\n|faint|p1a: Chi-Yu\n|\n|-weather|SunnyDay|[upkeep]\n|upkeep\n|\n|t:|1746010171\n|switch|p1a: Flutter Mane|Flutter Mane, L50|100/100\n|-activate|p1a: Flutter Mane|ability: Protosynthesis\n|-start|p1a: Flutter Mane|protosynthesisspe\n|turn|3\n|-message|snarf6969 forfeited.\n|\n|win|mareepmuamuamua\n|l|\u2606snarf6969\n|player|p2|\n||snarf6969 is ready for game 3.\n||mareepmuamuamua is ready for game 3.\n|uhtml|next|Next: <a href=\"/battle-gen9vgc2025regibo3-2353850689\"><strong>Game 3 of 3</strong></a>\n", "uploadtime": 1746010551, "views": 5, "formatid": "gen9vgc2025regibo3", "rating": null, "private": 0, "password": null}