{"id": "gen9vgc2025regibo3-2353393093", "format": "[Gen 9] VGC 2025 Reg I (Bo3)", "players": ["ZekromAllDay", "Playest"], "log": "|j|\u2606ZekromAllDay\n|j|\u2606Playest\n|html|<table width=\"100%\"><tr><td align=\"left\">ZekromAllDay</td><td align=\"right\">Playest</tr><tr><td align=\"left\"><i class=\"fa fa-circle-o\"></i> <i class=\"fa fa-circle-o\"></i> </td><td align=\"right\"><i class=\"fa fa-circle-o\"></i> <i class=\"fa fa-circle-o\"></i> </tr></table>\n|uhtml|bestof|<h2><strong>Game 1</strong> of <a href=\"/game-bestof3-gen9vgc2025regibo3-2353393092\">a best-of-3</a></h2>\n|t:|1745952026\n|gametype|doubles\n|player|p1|ZekromAllDay|169|1194\n|player|p2|Playest|infielder|1288\n|teamsize|p1|6\n|teamsize|p2|6\n|gen|9\n|tier|[Gen 9] VGC 2025 Reg I (Bo3)\n|rated|\n|rule|Species Clause: Limit one of each Pok\u00e9mon\n|rule|Item Clause: Limit 1 of each item\n|clearpoke\n|poke|p1|Lunala, L50|\n|poke|p1|Koraidon, L50|\n|poke|p1|Indeedee-F, L50, F|\n|poke|p1|Raging Bolt, L50|\n|poke|p1|Tornadus, L50, M|\n|poke|p1|Gouging Fire, L50|\n|poke|p2|Calyrex-Shadow, L50|\n|poke|p2|Miraidon, L50|\n|poke|p2|Urshifu-*, L50, F|\n|poke|p2|Tornadus, L50, M|\n|poke|p2|Chi-Yu, L50|\n|poke|p2|Snorlax, L50, M|\n|teampreview|4\n|showteam|p1|Lunala||Leftovers|ShadowShield|MoongeistBeam,ExpandingForce,WideGuard,TrickRoom||||||50|,,,,,Fairy]Koraidon||ClearAmulet|OrichalcumPulse|FlameCharge,FlareBlitz,CollisionCourse,Protect||||||50|,,,,,Fire]Indeedee-F||RockyHelmet|PsychicSurge|TrickRoom,HelpingHand,FollowMe,DazzlingGleam|||F|||50|,,,,,Fairy]Raging Bolt||LifeOrb|Protosynthesis|Thunderclap,DragonPulse,Thunderbolt,Protect||||||50|,,,,,Fairy]Tornadus||CovertCloak|Prankster|Tailwind,BleakwindStorm,SunnyDay,IcyWind|||M|||50|,,,,,Dark]Gouging Fire||BoosterEnergy|Protosynthesis|Howl,FlareBlitz,BurningBulwark,BreakingSwipe||||||50|,,,,,Grass\n|showteam|p2|Calyrex-Shadow||FocusSash|AsOneSpectrier|Protect,Psychic,Taunt,AstralBarrage||||||50|,,,,,Normal]Miraidon||ChoiceSpecs|HadronEngine|ElectroDrift,DracoMeteor,DazzlingGleam,Snarl||||||50|,,,,,Fairy]Urshifu-Rapid-Strike||MysticWater|UnseenFist|Detect,AquaJet,CloseCombat,SurgingStrikes|||F|||50|,,,,,Water]Tornadus||CovertCloak|Prankster|Protect,Tailwind,RainDance,BleakwindStorm|||M|||50|,,,,,Dark]Chi-Yu||ChoiceScarf|BeadsofRuin|HeatWave,Snarl,DarkPulse,Overheat||||||50|,,,,,Ghost]Snorlax||Leftovers|ThickFat|Protect,Yawn,HelpingHand,BodySlam|||M|||50|,,,,,Water\n|inactive|Battle timer is ON: inactive players will automatically lose when time's up. (requested by Playest)\n|inactive|ZekromAllDay has 60 seconds left.\n|inactive|Playest has 60 seconds left.\n|\n|t:|1745952067\n|start\n|switch|p1a: Indeedee|Indeedee-F, L50, F|100/100\n|switch|p1b: Lunala|Lunala, L50|100/100\n|switch|p2a: Calyrex|Calyrex-Shadow, L50|100/100\n|switch|p2b: Chi-Yu|Chi-Yu, L50|100/100\n|-ability|p2a: Calyrex|As One\n|-ability|p2a: Calyrex|Unnerve\n|-ability|p2b: Chi-Yu|Beads of Ruin\n|-fieldstart|move: Psychic Terrain|[from] ability: Psychic Surge|[of] p1a: Indeedee\n|turn|1\n|inactive|ZekromAllDay has 30 seconds left.\n|\n|t:|1745952094\n|-terastallize|p1b: Lunala|Fairy\n|move|p2b: Chi-Yu|Dark Pulse|p1a: Indeedee\n|-supereffective|p1a: Indeedee\n|-damage|p1a: Indeedee|0 fnt\n|faint|p1a: Indeedee\n|move|p2a: Calyrex|Taunt|p1b: Lunala\n|-start|p1b: Lunala|move: Taunt\n|cant|p1b: Lunala|move: Taunt|Trick Room\n|\n|upkeep\n|\n|t:|1745952101\n|switch|p1a: Koraidon|Koraidon, L50|100/100\n|-weather|SunnyDay|[from] ability: Orichalcum Pulse|[of] p1a: Koraidon\n|-activate|p1a: Koraidon|Orichalcum Pulse|[source]\n|turn|2\n|\n|t:|1745952124\n|switch|p1a: Raging Bolt|Raging Bolt, L50|100/100\n|-activate|p1a: Raging Bolt|ability: Protosynthesis\n|-start|p1a: Raging Bolt|protosynthesisspa\n|move|p2a: Calyrex|Protect|p2a: Calyrex\n|-singleturn|p2a: Calyrex|Protect\n|move|p2b: Chi-Yu|Dark Pulse|p1a: Raging Bolt\n|-damage|p1a: Raging Bolt|45/100\n|move|p1b: Lunala|Moongeist Beam|p2a: Calyrex\n|-activate|p2a: Calyrex|move: Protect\n|\n|-weather|SunnyDay|[upkeep]\n|upkeep\n|turn|3\n|-message|ZekromAllDay forfeited.\n|raw|ZekromAllDay's rating: 1194 &rarr; <strong>1176</strong><br />(-18 for losing)\n|raw|Playest's rating: 1288 &rarr; <strong>1306</strong><br />(+18 for winning)\n|\n|win|Playest\n|l|\u2606ZekromAllDay\n|player|p1|\n", "uploadtime": 1745952143, "views": 15, "formatid": "gen9vgc2025regibo3", "rating": 1176, "private": 0, "password": null}