{"id": "gen9vgc2025regibo3-2354482376", "format": "[Gen 9] VGC 2025 Reg I (Bo3)", "players": ["leonfiero", "Bman3111"], "log": "|j|\u2606leonfiero\n|j|\u2606Bman3111\n|html|<table width=\"100%\"><tr><td align=\"left\">leonfiero</td><td align=\"right\">Bman3111</tr><tr><td align=\"left\"><i class=\"fa fa-circle\"></i> <i class=\"fa fa-circle-o\"></i> </td><td align=\"right\"><i class=\"fa fa-circle-o\"></i> <i class=\"fa fa-circle-o\"></i> </tr></table>\n|uhtml|bestof|<h2><strong>Game 2</strong> of <a href=\"/game-bestof3-gen9vgc2025regibo3-2354481145\">a best-of-3</a></h2>\n|t:|1746078982\n|gametype|doubles\n|player|p1|leonfiero|170|1045\n|player|p2|Bman3111|cynthia-gen7|1040\n|teamsize|p1|6\n|teamsize|p2|6\n|gen|9\n|tier|[Gen 9] VGC 2025 Reg I (Bo3)\n|rated|\n|rule|Species Clause: Limit one of each Pok\u00e9mon\n|rule|Item Clause: Limit 1 of each item\n|clearpoke\n|poke|p1|Lunala, L50|\n|poke|p1|Urshifu-*, L50, F|\n|poke|p1|Tsareena, L50, F|\n|poke|p1|Miraidon, L50|\n|poke|p1|Incineroar, L50, F|\n|poke|p1|Chi-Yu, L50|\n|poke|p2|Miraidon, L50|\n|poke|p2|Ursaluna-Bloodmoon, L50, M|\n|poke|p2|Chi-Yu, L50|\n|poke|p2|Iron Hands, L50|\n|poke|p2|Lunala, L50|\n|poke|p2|Farigiraf, L50, M|\n|teampreview|4\n|showteam|p1|Lunala||ElectricSeed|ShadowShield|Protect,TrickRoom,MoongeistBeam,WideGuard||||||50|,,,,,Water]Urshifu||ChoiceScarf|UnseenFist|WickedBlow,CloseCombat,SuckerPunch,Uturn|||F|||50|,,,,,Poison]Tsareena||AssaultVest|QueenlyMajesty|PowerWhip,Uturn,TripleAxel,LowSweep|||F|||50|,,,,,Normal]Miraidon||ChoiceSpecs|HadronEngine|ElectroDrift,DazzlingGleam,DracoMeteor,VoltSwitch||||||50|,,,,,Fairy]Incineroar||RockyHelmet|Intimidate|KnockOff,FakeOut,WillOWisp,PartingShot|||F|||50|,,,,,Ghost]Chi-Yu||FocusSash|BeadsofRuin|Protect,DarkPulse,HeatWave,Overheat||||||50|,,,,,Grass\n|showteam|p2|Miraidon||ChoiceSpecs|HadronEngine|ElectroDrift,DracoMeteor,DazzlingGleam,VoltSwitch||||||50|,,,,,Fairy]Ursaluna-Bloodmoon||LifeOrb|MindsEye|HyperVoice,EarthPower,BloodMoon,Protect|||M|||50|,,,,,Water]Chi-Yu||ChoiceScarf|BeadsofRuin|HeatWave,DarkPulse,Overheat,Snarl||||||50|,,,,,Ghost]Iron Hands||AssaultVest|QuarkDrive|FakeOut,DrainPunch,WildCharge,LowKick||||||50|,,,,,Water]Lunala||PowerHerb|ShadowShield|MoongeistBeam,MeteorBeam,TrickRoom,WideGuard||||||50|,,,,,Fairy]Farigiraf||ElectricSeed|ArmorTail|FoulPlay,Psychic,HelpingHand,TrickRoom|||M|||50|,,,,,Water\n|inactive|Battle timer is ON: inactive players will automatically lose when time's up. (requested by Bman3111)\n|inactive|leonfiero has 60 seconds left.\n|\n|t:|1746079016\n|start\n|switch|p1a: Miraidon|Miraidon, L50|100/100\n|switch|p1b: Chi-Yu|Chi-Yu, L50|100/100\n|switch|p2a: Chi-Yu|Chi-Yu, L50|100/100\n|switch|p2b: Miraidon|Miraidon, L50|100/100\n|-ability|p2a: Chi-Yu|Beads of Ruin\n|-fieldstart|move: Electric Terrain|[from] ability: Hadron Engine|[of] p1a: Miraidon\n|-activate|p2b: Miraidon|ability: Hadron Engine\n|-ability|p1b: Chi-Yu|Beads of Ruin\n|turn|1\n|inactive|leonfiero has 30 seconds left.\n|inactive|leonfiero has 20 seconds left.\n|\n|t:|1746079054\n|-terastallize|p1a: Miraidon|Fairy\n|-terastallize|p2b: Miraidon|Fairy\n|move|p1b: Chi-Yu|Protect|p1b: Chi-Yu\n|-singleturn|p1b: Chi-Yu|Protect\n|move|p2a: Chi-Yu|Snarl|p1b: Chi-Yu|[spread] p1a\n|-activate|p1b: Chi-Yu|move: Protect\n|-resisted|p1a: Miraidon\n|-damage|p1a: Miraidon|87/100\n|-unboost|p1a: Miraidon|spa|1\n|move|p1a: Miraidon|Dazzling Gleam|p2b: Miraidon|[spread] p2a,p2b\n|-damage|p2a: Chi-Yu|52/100\n|-damage|p2b: Miraidon|53/100\n|move|p2b: Miraidon|Dazzling Gleam|p1b: Chi-Yu|[spread] p1a\n|-activate|p1b: Chi-Yu|move: Protect\n|-damage|p1a: Miraidon|5/100\n|\n|upkeep\n|turn|2\n|inactive|leonfiero has 30 seconds left.\n|\n|t:|1746079086\n|move|p2a: Chi-Yu|Snarl|p1a: Miraidon|[spread] p1a,p1b\n|-resisted|p1a: Miraidon\n|-resisted|p1b: Chi-Yu\n|-damage|p1a: Miraidon|0 fnt\n|-damage|p1b: Chi-Yu|87/100\n|-unboost|p1b: Chi-Yu|spa|1\n|faint|p1a: Miraidon\n|move|p2b: Miraidon|Dazzling Gleam|p1b: Chi-Yu\n|-damage|p1b: Chi-Yu|0 fnt\n|faint|p1b: Chi-Yu\n|\n|upkeep\n|\n|t:|1746079105\n|switch|p1a: Incineroar|Incineroar, L50, F|100/100\n|switch|p1b: Urshifu|Urshifu, L50, F|100/100\n|-ability|p1a: Incineroar|Intimidate|boost\n|-unboost|p2a: Chi-Yu|atk|1\n|-unboost|p2b: Miraidon|atk|1\n|turn|3\n|\n|t:|1746079125\n|switch|p2a: Farigiraf|Farigiraf, L50, M|100/100\n|-enditem|p2a: Farigiraf|Electric Seed\n|-boost|p2a: Farigiraf|def|1|[from] item: Electric Seed\n|move|p1b: Urshifu|Wicked Blow|p2b: Miraidon\n|-resisted|p2b: Miraidon\n|-crit|p2b: Miraidon\n|-damage|p2b: Miraidon|22/100\n|move|p2b: Miraidon|Dazzling Gleam|p1b: Urshifu|[spread] p1a,p1b\n|-supereffective|p1b: Urshifu\n|-damage|p1a: Incineroar|40/100\n|-damage|p1b: Urshifu|0 fnt\n|faint|p1b: Urshifu\n|move|p1a: Incineroar|Knock Off|p2b: Miraidon\n|-resisted|p2b: Miraidon\n|-damage|p2b: Miraidon|1/100\n|-enditem|p2b: Miraidon|Choice Specs|[from] move: Knock Off|[of] p1a: Incineroar\n|\n|upkeep\n|turn|4\n|\n|t:|1746079148\n|move|p2a: Farigiraf|Helping Hand|p2b: Miraidon\n|-singleturn|p2b: Miraidon|Helping Hand|[of] p2a: Farigiraf\n|move|p2b: Miraidon|Volt Switch|p1a: Incineroar\n|-damage|p1a: Incineroar|0 fnt\n|faint|p1a: Incineroar\n|\n|win|Bman3111\n||Bman3111 is ready for game 3.\n||leonfiero is ready for game 3.\n|uhtml|next|Next: <a href=\"/battle-gen9vgc2025regibo3-2354483262\"><strong>Game 3 of 3</strong></a>\n|l|\u2606Bman3111\n|player|p2|\n", "uploadtime": 1746079541, "views": 9, "formatid": "gen9vgc2025regibo3", "rating": null, "private": 0, "password": null}