{"id": "gen9vgc2025regibo3-2354106884", "format": "[Gen 9] VGC 2025 Reg I (Bo3)", "players": ["Elscorchie", "DragonExzect"], "log": "|j|\u2606Elscorchie\n|j|\u2606DragonExzect\n|html|<table width=\"100%\"><tr><td align=\"left\">Elscorchie</td><td align=\"right\">DragonExzect</tr><tr><td align=\"left\"><i class=\"fa fa-circle-o\"></i> <i class=\"fa fa-circle-o\"></i> </td><td align=\"right\"><i class=\"fa fa-circle-o\"></i> <i class=\"fa fa-circle-o\"></i> </tr></table>\n|uhtml|bestof|<h2><strong>Game 1</strong> of <a href=\"/game-bestof3-gen9vgc2025regibo3-2354106883\">a best-of-3</a></h2>\n|t:|1746035425\n|gametype|doubles\n|player|p1|Elscorchie|266|1028\n|player|p2|DragonExzect|169|1100\n|teamsize|p1|6\n|teamsize|p2|6\n|gen|9\n|tier|[Gen 9] VGC 2025 Reg I (Bo3)\n|rated|\n|rule|Species Clause: Limit one of each Pok\u00e9mon\n|rule|Item Clause: Limit 1 of each item\n|clearpoke\n|poke|p1|Lugia, L50|\n|poke|p1|Rayquaza, L50|\n|poke|p1|Dragonite, L50, F|\n|poke|p1|Yanmega, L50, M|\n|poke|p1|Gliscor, L50, M|\n|poke|p1|Landorus, L50, M|\n|poke|p2|Dragonite, L50, F|\n|poke|p2|Calyrex-Shadow, L50|\n|poke|p2|Chi-Yu, L50|\n|poke|p2|Indeedee-F, L50, F|\n|poke|p2|Kyurem-White, L50|\n|poke|p2|Urshifu-*, L50, F|\n|teampreview|4\n|showteam|p1|Lugia||RockyHelmet|Multiscale|Aeroblast,Psychic,Recover,Thunderbolt||||||50|,,,,,Steel]Rayquaza||ClearAmulet|AirLock|DragonAscent,DragonClaw,DragonDance,ExtremeSpeed||||||50|,,,,,Normal]Dragonite||ChoiceBand|InnerFocus|ExtremeSpeed,DragonClaw,Facade,IronHead|||F|||50|,,,,,Normal]Yanmega||ThroatSpray|SpeedBoost|Protect,BugBuzz,PsychicNoise,TeraBlast|||M|||50|,,,,,Fire]Gliscor||ToxicOrb|PoisonHeal|Protect,Earthquake,Fling,Acrobatics|||M|||50|,,,,,Flying]Landorus||LifeOrb|SheerForce|SandsearStorm,SludgeBomb,GrassKnot,Extrasensory|||M|||50|,,,,,Poison\n|showteam|p2|Dragonite||CovertCloak|Multiscale|Tailwind,ExtremeSpeed,StompingTantrum,Outrage|||F|||50|,,,,,Normal]Calyrex-Shadow||LifeOrb|AsOneSpectrier|ExpandingForce,AstralBarrage,NastyPlot,Protect||||||50|,,,,,Normal]Chi-Yu||ChoiceScarf|BeadsofRuin|HeatWave,Snarl,DarkPulse,TeraBlast||||||50|,,,,,Grass]Indeedee-F||PsychicSeed|PsychicSurge|FollowMe,TrickRoom,HelpingHand,DazzlingGleam|||F|||50|,,,,,Fairy]Kyurem-White||ChoiceSpecs|Turboblaze|FreezeDry,DracoMeteor,FusionFlare,EarthPower||||||50|,,,,,Fire]Urshifu-Rapid-Strike||FocusSash|UnseenFist|CloseCombat,SurgingStrikes,IronHead,Detect|||F|||50|,,,,,Steel\n|inactive|Battle timer is ON: inactive players will automatically lose when time's up. (requested by Elscorchie)\n|\n|t:|1746035489\n|start\n|switch|p1a: Yanmega|Yanmega, L50, M|100/100\n|switch|p1b: Rayquaza|Rayquaza, L50|100/100\n|switch|p2a: Indeedee|Indeedee-F, L50, F|100/100\n|switch|p2b: Calyrex|Calyrex-Shadow, L50|100/100\n|-ability|p2b: Calyrex|As One\n|-ability|p2b: Calyrex|Unnerve\n|-ability|p1b: Rayquaza|Air Lock\n|-fieldstart|move: Psychic Terrain|[from] ability: Psychic Surge|[of] p2a: Indeedee\n|-enditem|p2a: Indeedee|Psychic Seed\n|-boost|p2a: Indeedee|spd|1|[from] item: Psychic Seed\n|turn|1\n|inactive|Elscorchie has 30 seconds left.\n|inactive|DragonExzect has 30 seconds left.\n|inactive|DragonExzect has 20 seconds left.\n|inactive|DragonExzect has 15 seconds left.\n|inactive|DragonExzect has 10 seconds left.\n|\n|t:|1746035534\n|-terastallize|p1b: Rayquaza|Normal\n|move|p2a: Indeedee|Helping Hand|p2b: Calyrex\n|-singleturn|p2b: Calyrex|Helping Hand|[of] p2a: Indeedee\n|move|p1a: Yanmega|Protect|p1a: Yanmega\n|-singleturn|p1a: Yanmega|Protect\n|move|p2b: Calyrex|Expanding Force|p1a: Yanmega|[spread] p1b\n|-activate|p1a: Yanmega|move: Protect\n|-damage|p1b: Rayquaza|0 fnt\n|faint|p1b: Rayquaza\n|-ability|p2b: Calyrex|Grim Neigh|boost\n|-boost|p2b: Calyrex|spa|1\n|-damage|p2b: Calyrex|91/100|[from] item: Life Orb\n|\n|-ability|p1a: Yanmega|Speed Boost|boost\n|-boost|p1a: Yanmega|spe|1\n|upkeep\n|\n|t:|1746035548\n|switch|p1b: Gliscor|Gliscor, L50, M|100/100\n|turn|2\n|-message|Elscorchie forfeited.\n|\n|win|DragonExzect\n|l|\u2606Elscorchie\n|player|p1|\n|raw|Elscorchie's rating: 1028 &rarr; <strong>1017</strong><br />(-11 for losing)\n|raw|DragonExzect's rating: 1100 &rarr; <strong>1120</strong><br />(+20 for winning)\n|l|\u2606DragonExzect\n|player|p2|\n|j|\u2606DragonExzect\n|player|p2|DragonExzect|169|\n", "uploadtime": 1746035905, "views": 7, "formatid": "gen9vgc2025regibo3", "rating": 1017, "private": 0, "password": null}