{"id": "gen9vgc2025regibo3-2354377504", "format": "[Gen 9] VGC 2025 Reg I (Bo3)", "players": ["Pickedman", "drwildy"], "log": "|j|\u2606Pickedman\n|j|\u2606drwildy\n|html|<table width=\"100%\"><tr><td align=\"left\">Pickedman</td><td align=\"right\">drwildy</tr><tr><td align=\"left\"><i class=\"fa fa-circle-o\"></i> <i class=\"fa fa-circle-o\"></i> </td><td align=\"right\"><i class=\"fa fa-circle-o\"></i> <i class=\"fa fa-circle\"></i> </tr></table>\n|uhtml|bestof|<h2><strong>Game 2</strong> of <a href=\"/game-bestof3-gen9vgc2025regibo3-2354375227\">a best-of-3</a></h2>\n|t:|1746063895\n|gametype|doubles\n|player|p1|Pickedman|zinnia-masters|1206\n|player|p2|drwildy|ninjaboy|1163\n|teamsize|p1|6\n|teamsize|p2|6\n|gen|9\n|tier|[Gen 9] VGC 2025 Reg I (Bo3)\n|rated|\n|rule|Species Clause: Limit one of each Pok\u00e9mon\n|rule|Item Clause: Limit 1 of each item\n|clearpoke\n|poke|p1|Dialga-Origin, L50|\n|poke|p1|Miraidon, L50|\n|poke|p1|Ursaluna, L50, F|\n|poke|p1|Ogerpon-Hearthflame, L50, F|\n|poke|p1|Farigiraf, L50, M|\n|poke|p1|Iron Bundle, L50|\n|poke|p2|Eternatus, L50|\n|poke|p2|Koraidon, L50|\n|poke|p2|Whimsicott, L50, M|\n|poke|p2|Rillaboom, L50, M|\n|poke|p2|Walking Wake, L50|\n|poke|p2|Chi-Yu, L50|\n|teampreview|4\n|showteam|p1|Dialga-Origin||AdamantCrystal|Telepathy|FlashCannon,DracoMeteor,Protect,TrickRoom||||||50|,,,,,Steel]Miraidon||ChoiceSpecs|HadronEngine|ElectroDrift,Discharge,VoltSwitch,DracoMeteor||||||50|,,,,,Electric]Ursaluna||FlameOrb|Guts|HeadlongRush,Earthquake,Facade,Protect|||F|||50|,,,,,Normal]Ogerpon-Hearthflame||HearthflameMask|MoldBreaker|HornLeech,IvyCudgel,SpikyShield,FollowMe|||F|||50|,,,,,Fire]Farigiraf||ElectricSeed|ArmorTail|HyperVoice,FoulPlay,TrickRoom,HelpingHand|||M|||50|,,,,,Ground]Iron Bundle||FocusSash|QuarkDrive|IcyWind,FreezeDry,Encore,HydroPump||||||50|,,,,,Ghost\n|showteam|p2|Eternatus||LifeOrb|Pressure|DynamaxCannon,SludgeBomb,Protect,Flamethrower||||||50|,,,,,Bug]Koraidon||ClearAmulet|OrichalcumPulse|CloseCombat,FlareBlitz,FlameCharge,Protect||||||50|,,,,,Fire]Whimsicott||CovertCloak|Prankster|Tailwind,Encore,SunnyDay,Moonblast|||M|||50|,,,,,Dark]Rillaboom||AssaultVest|GrassySurge|WoodHammer,GrassyGlide,Uturn,FakeOut|||M|||50|,,,,,Fire]Walking Wake||ChoiceSpecs|Protosynthesis|HydroSteam,DracoMeteor,Flamethrower,Snarl||||||50|,,,,,Ghost]Chi-Yu||ChoiceScarf|BeadsofRuin|DarkPulse,Snarl,HeatWave,Overheat||||||50|,,,,,Ghost\n|\n|t:|1746063921\n|start\n|switch|p1a: Iron Bundle|Iron Bundle, L50|100/100\n|switch|p1b: Miraidon|Miraidon, L50|100/100\n|switch|p2a: Koraidon|Koraidon, L50|100/100\n|switch|p2b: Walking Wake|Walking Wake, L50|100/100\n|-weather|SunnyDay|[from] ability: Orichalcum Pulse|[of] p2a: Koraidon\n|-activate|p2b: Walking Wake|ability: Protosynthesis\n|-start|p2b: Walking Wake|protosynthesisspa\n|-activate|p2a: Koraidon|Orichalcum Pulse|[source]\n|-fieldstart|move: Electric Terrain|[from] ability: Hadron Engine|[of] p1b: Miraidon\n|-activate|p1a: Iron Bundle|ability: Quark Drive\n|-start|p1a: Iron Bundle|quarkdrivespe\n|turn|1\n|\n|t:|1746063967\n|-end|p2b: Walking Wake|Protosynthesis|[silent]\n|switch|p2b: Rillaboom|Rillaboom, L50, M|100/100\n|-fieldstart|move: Grassy Terrain|[from] ability: Grassy Surge|[of] p2b: Rillaboom\n|-end|p1a: Iron Bundle|Quark Drive\n|-terastallize|p1a: Iron Bundle|Ghost\n|-terastallize|p2a: Koraidon|Fire\n|move|p1a: Iron Bundle|Freeze-Dry|p2b: Rillaboom\n|-supereffective|p2b: Rillaboom\n|-damage|p2b: Rillaboom|56/100\n|move|p2a: Koraidon|Close Combat|p1b: Miraidon\n|-damage|p1b: Miraidon|21/100\n|-unboost|p2a: Koraidon|def|1\n|-unboost|p2a: Koraidon|spd|1\n|move|p1b: Miraidon|Volt Switch|p2b: Rillaboom\n|-resisted|p2b: Rillaboom\n|-damage|p2b: Rillaboom|35/100\n|\n|t:|1746063994\n|switch|p1b: Dialga|Dialga-Origin, L50|100/100|[from] Volt Switch\n|\n|-weather|SunnyDay|[upkeep]\n|-heal|p2b: Rillaboom|41/100|[from] Grassy Terrain\n|upkeep\n|turn|2\n|\n|t:|1746064015\n|move|p1b: Dialga|Protect|p1b: Dialga\n|-singleturn|p1b: Dialga|Protect\n|move|p2b: Rillaboom|Grassy Glide|p1a: Iron Bundle\n|-damage|p1a: Iron Bundle|57/100\n|move|p1a: Iron Bundle|Encore|p2a: Koraidon\n|-start|p2a: Koraidon|Encore\n|move|p2a: Koraidon|Close Combat|p1a: Iron Bundle\n|-immune|p1a: Iron Bundle\n|\n|-weather|SunnyDay|[upkeep]\n|-heal|p1a: Iron Bundle|63/100|[from] Grassy Terrain\n|-heal|p2b: Rillaboom|46/100|[from] Grassy Terrain\n|upkeep\n|turn|3\n|\n|t:|1746064052\n|move|p1a: Iron Bundle|Freeze-Dry|p2b: Rillaboom\n|-supereffective|p2b: Rillaboom\n|-damage|p2b: Rillaboom|2/100\n|move|p2a: Koraidon|Close Combat|p1b: Dialga\n|-supereffective|p1b: Dialga\n|-damage|p1b: Dialga|0 fnt\n|-unboost|p2a: Koraidon|def|1\n|-unboost|p2a: Koraidon|spd|1\n|faint|p1b: Dialga\n|move|p2b: Rillaboom|U-turn|p1a: Iron Bundle\n|-resisted|p1a: Iron Bundle\n|-damage|p1a: Iron Bundle|49/100\n|-message|Pickedman forfeited.\n|\n|win|drwildy\n|raw|Pickedman's rating: 1206 &rarr; <strong>1178</strong><br />(-28 for losing)\n|raw|drwildy's rating: 1163 &rarr; <strong>1191</strong><br />(+28 for winning)\n|l|\u2606Pickedman\n|player|p1|\n", "uploadtime": 1746064086, "views": 12, "formatid": "gen9vgc2025regibo3", "rating": 1178, "private": 0, "password": null}