{"id": "gen9vgc2025regibo3-2354554794", "format": "[Gen 9] VGC 2025 Reg I (Bo3)", "players": ["Cotcha", "extremejoin"], "log": "|j|\u2606Cotcha\n|j|\u2606extremejoin\n|html|<table width=\"100%\"><tr><td align=\"left\">Cotcha</td><td align=\"right\">extremejoin</tr><tr><td align=\"left\"><i class=\"fa fa-circle-o\"></i> <i class=\"fa fa-circle-o\"></i> </td><td align=\"right\"><i class=\"fa fa-circle-o\"></i> <i class=\"fa fa-circle-o\"></i> </tr></table>\n|uhtml|bestof|<h2><strong>Game 1</strong> of <a href=\"/game-bestof3-gen9vgc2025regibo3-2354554793\">a best-of-3</a></h2>\n|t:|1746093499\n|gametype|doubles\n|player|p1|Cotcha|pokekid|1257\n|player|p2|extremejoin|266|1255\n|teamsize|p1|6\n|teamsize|p2|6\n|gen|9\n|tier|[Gen 9] VGC 2025 Reg I (Bo3)\n|rated|\n|rule|Species Clause: Limit one of each Pok\u00e9mon\n|rule|Item Clause: Limit 1 of each item\n|clearpoke\n|poke|p1|Kyogre, L50|\n|poke|p1|Calyrex-Ice, L50|\n|poke|p1|Roaring Moon, L50|\n|poke|p1|Amoonguss, L50, M|\n|poke|p1|Landorus, L50, M|\n|poke|p1|Smeargle, L50, F|\n|poke|p2|Necrozma-Dawn-Wings, L50|\n|poke|p2|Calyrex-Ice, L50|\n|poke|p2|Torkoal, L50, M|\n|poke|p2|Indeedee-F, L50, F|\n|poke|p2|Ursaluna, L50, F|\n|poke|p2|Smeargle, L50, M|\n|teampreview|4\n|showteam|p1|Kyogre||MysticWater|Drizzle|WaterSpout,HydroPump,Protect,Thunder||||||50|,,,,,Grass]Calyrex-Ice||ClearAmulet|AsOneGlastrier|GlacialLance,HighHorsepower,TrickRoom,Protect||||||50|,,,,,Fire]Roaring Moon||BoosterEnergy|Protosynthesis|KnockOff,Acrobatics,Tailwind,Protect||||||50|,,,,,Flying]Amoonguss||CovertCloak|Regenerator|RagePowder,Spore,SludgeBomb,Protect|||M|||50|,,,,,Water]Landorus||LifeOrb|SheerForce|EarthPower,SludgeBomb,SandsearStorm,Protect|||M|||50|,,,,,Water]Smeargle||FocusSash|Technician|FollowMe,FakeOut,WideGuard,Spore|||F|||50|,,,,,Grass\n|showteam|p2|Necrozma-Dawn-Wings||PowerHerb|PrismArmor|MoongeistBeam,MeteorBeam,ExpandingForce,TrickRoom||||||50|,,,,,Grass]Calyrex-Ice||ClearAmulet|AsOneGlastrier|GlacialLance,CloseCombat,TrickRoom,Protect||||||50|,,,,,Water]Torkoal||Charcoal|Drought|Eruption,WeatherBall,HeatWave,Protect|||M|||50|,,,,,Fire]Indeedee-F||SafetyGoggles|PsychicSurge|DazzlingGleam,FollowMe,HelpingHand,TrickRoom|||F|||50|,,,,,Fairy]Ursaluna||FlameOrb|Guts|Facade,HeadlongRush,ShadowClaw,Protect|||F|||50|,,,,,Ghost]Smeargle||FocusSash|Moody|FakeOut,FollowMe,Spore,Decorate|||M|||50|,,,,,Grass\n|inactive|Battle timer is ON: inactive players will automatically lose when time's up. (requested by extremejoin)\n|inactive|Cotcha has 60 seconds left.\n|\n|t:|1746093611\n|start\n|switch|p1a: Calyrex|Calyrex-Ice, L50|100/100\n|switch|p1b: Kyogre|Kyogre, L50|100/100\n|switch|p2a: Smeargle|Smeargle, L50, M|100/100\n|switch|p2b: Calyrex|Calyrex-Ice, L50|100/100\n|-ability|p1a: Calyrex|As One\n|-ability|p1a: Calyrex|Unnerve\n|-ability|p2b: Calyrex|As One\n|-ability|p2b: Calyrex|Unnerve\n|-weather|RainDance|[from] ability: Drizzle|[of] p1b: Kyogre\n|turn|1\n|inactive|extremejoin has 30 seconds left.\n|\n|t:|1746093638\n|-terastallize|p2b: Calyrex|Water\n|move|p2a: Smeargle|Spore|p1a: Calyrex\n|-status|p1a: Calyrex|slp|[from] move: Spore\n|move|p1b: Kyogre|Water Spout|p2b: Calyrex|[spread] p2a,p2b\n|-resisted|p2b: Calyrex\n|-enditem|p2a: Smeargle|Focus Sash\n|-damage|p2a: Smeargle|1/100\n|-damage|p2b: Calyrex|61/100\n|cant|p1a: Calyrex|slp\n|move|p2b: Calyrex|Trick Room|p2b: Calyrex\n|-fieldstart|move: Trick Room|[of] p2b: Calyrex\n|\n|-weather|RainDance|[upkeep]\n|-ability|p2a: Smeargle|Moody|boost\n|-boost|p2a: Smeargle|def|2\n|-unboost|p2a: Smeargle|atk|1\n|upkeep\n|turn|2\n|\n|t:|1746093659\n|move|p1b: Kyogre|Protect|p1b: Kyogre\n|-singleturn|p1b: Kyogre|Protect\n|move|p2b: Calyrex|Glacial Lance|p1a: Calyrex|[spread] p1a\n|-activate|p1b: Kyogre|move: Protect\n|-resisted|p1a: Calyrex\n|-damage|p1a: Calyrex|84/100 slp\n|cant|p1a: Calyrex|slp\n|move|p2a: Smeargle|Spore|p1b: Kyogre\n|-activate|p1b: Kyogre|move: Protect\n|\n|-weather|RainDance|[upkeep]\n|-ability|p2a: Smeargle|Moody|boost\n|-boost|p2a: Smeargle|def|2\n|-unboost|p2a: Smeargle|atk|1\n|upkeep\n|turn|3\n|inactive|Cotcha has 30 seconds left.\n|\n|t:|1746093689\n|switch|p2a: Torkoal|Torkoal, L50, M|100/100\n|-weather|SunnyDay|[from] ability: Drought|[of] p2a: Torkoal\n|move|p2b: Calyrex|Glacial Lance|p1b: Kyogre|[spread] p1a,p1b\n|-resisted|p1a: Calyrex\n|-resisted|p1b: Kyogre\n|-damage|p1a: Calyrex|68/100 slp\n|-damage|p1b: Kyogre|72/100\n|move|p1b: Kyogre|Water Spout|p2b: Calyrex|[spread] p2a,p2b\n|-supereffective|p2a: Torkoal\n|-resisted|p2b: Calyrex\n|-damage|p2a: Torkoal|19/100\n|-damage|p2b: Calyrex|52/100\n|-curestatus|p1a: Calyrex|slp|[msg]\n|move|p1a: Calyrex|Trick Room|p1a: Calyrex\n|-fieldend|move: Trick Room\n|\n|-weather|SunnyDay|[upkeep]\n|upkeep\n|turn|4\n|\n|t:|1746093712\n|move|p2a: Torkoal|Protect|p2a: Torkoal\n|-singleturn|p2a: Torkoal|Protect\n|move|p1b: Kyogre|Water Spout|p2b: Calyrex|[spread] p2b\n|-activate|p2a: Torkoal|move: Protect\n|-resisted|p2b: Calyrex\n|-damage|p2b: Calyrex|43/100\n|move|p1a: Calyrex|High Horsepower|p2b: Calyrex\n|-damage|p2b: Calyrex|17/100\n|move|p2b: Calyrex|Trick Room|p2b: Calyrex\n|-fieldstart|move: Trick Room|[of] p2b: Calyrex\n|\n|-weather|SunnyDay|[upkeep]\n|upkeep\n|turn|5\n|inactive|Cotcha has 30 seconds left.\n|inactive|Cotcha has 20 seconds left.\n|inactive|Cotcha has 15 seconds left.\n|inactive|Cotcha has 10 seconds left.\n|\n|t:|1746093760\n|-terastallize|p1a: Calyrex|Fire\n|move|p1b: Kyogre|Protect|p1b: Kyogre\n|-singleturn|p1b: Kyogre|Protect\n|move|p2a: Torkoal|Heat Wave|p1b: Kyogre|[spread] p1a\n|-activate|p1b: Kyogre|move: Protect\n|-resisted|p1a: Calyrex\n|-damage|p1a: Calyrex|51/100\n|move|p2b: Calyrex|Glacial Lance|p1a: Calyrex|[spread] p1a\n|-activate|p1b: Kyogre|move: Protect\n|-resisted|p1a: Calyrex\n|-damage|p1a: Calyrex|35/100\n|move|p1a: Calyrex|Trick Room|p1a: Calyrex\n|-fieldend|move: Trick Room\n|\n|-weather|SunnyDay|[upkeep]\n|upkeep\n|turn|6\n|-message|extremejoin forfeited.\n|\n|win|Cotcha\n|l|\u2606extremejoin\n|player|p2|\n||extremejoin is ready for game 2.\n||Cotcha is ready for game 2.\n|uhtml|next|Next: <a href=\"/battle-gen9vgc2025regibo3-2354556254\"><strong>Game 2 of 3</strong></a>\n", "uploadtime": 1746094053, "views": 18, "formatid": "gen9vgc2025regibo3", "rating": null, "private": 0, "password": null}