{"id": "gen9vgc2025regibo3-2355046203", "format": "[Gen 9] VGC 2025 Reg I (Bo3)", "players": ["Mona Aster", "pyroboy001"], "log": "|j|\u2606Mona Aster\n|j|\u2606pyroboy001\n|html|<table width=\"100%\"><tr><td align=\"left\">Mona Aster</td><td align=\"right\">pyroboy001</tr><tr><td align=\"left\"><i class=\"fa fa-circle-o\"></i> <i class=\"fa fa-circle-o\"></i> </td><td align=\"right\"><i class=\"fa fa-circle-o\"></i> <i class=\"fa fa-circle-o\"></i> </tr></table>\n|uhtml|bestof|<h2><strong>Game 1</strong> of <a href=\"/game-bestof3-gen9vgc2025regibo3-2355046202\">a best-of-3</a></h2>\n|t:|1746145897\n|gametype|doubles\n|player|p1|Mona Aster|265|1175\n|player|p2|pyroboy001|102|1105\n|teamsize|p1|6\n|teamsize|p2|6\n|gen|9\n|tier|[Gen 9] VGC 2025 Reg I (Bo3)\n|rated|\n|rule|Species Clause: Limit one of each Pok\u00e9mon\n|rule|Item Clause: Limit 1 of each item\n|clearpoke\n|poke|p1|Lunala, L50|\n|poke|p1|Groudon, L50|\n|poke|p1|Incineroar, L50, F|\n|poke|p1|Iron Valiant, L50|\n|poke|p1|Urshifu-*, L50, M|\n|poke|p1|Raging Bolt, L50|\n|poke|p2|Chi-Yu, L50|\n|poke|p2|Koraidon, L50|\n|poke|p2|Calyrex-Shadow, L50|\n|poke|p2|Raichu, L50, M|\n|poke|p2|Moltres-Galar, L50|\n|poke|p2|Glastrier, L50|\n|teampreview|4\n|showteam|p1|Lunala||PowerHerb|ShadowShield|TrickRoom,MeteorBeam,WideGuard,MoongeistBeam||||||50|,,,,,Water]Groudon||ClearAmulet|Drought|Protect,PrecipiceBlades,HeatCrash,Substitute||||||50|,,,,,Fire]Incineroar||SafetyGoggles|Intimidate|FlareBlitz,KnockOff,FakeOut,PartingShot|||F|||50|,,,,,Ghost]Iron Valiant||BoosterEnergy|QuarkDrive|Moonblast,Encore,Protect,Disable||||||50|,,,,,Ghost]Urshifu||ChoiceScarf|UnseenFist|WickedBlow,CloseCombat,Uturn,IronHead|||M|||50|,,,,,Stellar]Raging Bolt||AssaultVest|Protosynthesis|Electroweb,Thunderclap,WeatherBall,DracoMeteor||||||50|,,,,,Electric\n|showteam|p2|Chi-Yu||Charcoal|BeadsofRuin|DarkPulse,Flamethrower,HeatWave,Protect||||||50|,,,,,Ghost]Koraidon||ClearAmulet|OrichalcumPulse|CollisionCourse,FlameCharge,Protect,IronHead||||||50|,,,,,Fire]Calyrex-Shadow||FocusSash|AsOneSpectrier|AstralBarrage,Psychic,Protect,LeafStorm||||||50|,,,,,Ghost]Raichu||SafetyGoggles|LightningRod|VoltSwitch,FakeOut,HelpingHand,GrassKnot|||M|||50|,,,,,Grass]Moltres-Galar||SitrusBerry|Berserk|AirSlash,Taunt,FieryWrath,Tailwind||||||50|,,,,,Steel]Glastrier||AssaultVest|ChillingNeigh|HighHorsepower,IcicleCrash,BodyPress,HeavySlam||||||50|,,,,,Water\n|\n|t:|1746145945\n|start\n|switch|p1a: Iron Valiant|Iron Valiant, L50|100/100\n|switch|p1b: Lunala|Lunala, L50|100/100\n|switch|p2a: Moltres|Moltres-Galar, L50|100/100\n|switch|p2b: Calyrex|Calyrex-Shadow, L50|100/100\n|-ability|p2b: Calyrex|As One\n|-ability|p2b: Calyrex|Unnerve\n|-enditem|p1a: Iron Valiant|Booster Energy\n|-activate|p1a: Iron Valiant|ability: Quark Drive|[fromitem]\n|-start|p1a: Iron Valiant|quarkdrivespe\n|turn|1\n|inactive|Battle timer is ON: inactive players will automatically lose when time's up. (requested by Mona Aster)\n|inactive|pyroboy001 has 60 seconds left.\n|inactive|pyroboy001 has 30 seconds left.\n|inactive|pyroboy001 has 20 seconds left.\n|inactive|pyroboy001 has 15 seconds left.\n|inactive|pyroboy001 has 10 seconds left.\n|inactive|pyroboy001 has 5 seconds left.\n|\n|t:|1746146105\n|move|p1b: Lunala|Wide Guard|p1b: Lunala\n|-singleturn|p1b: Lunala|Wide Guard\n|move|p1a: Iron Valiant|Moonblast|p2a: Moltres\n|-supereffective|p2a: Moltres\n|-damage|p2a: Moltres|36/100\n|-ability|p2a: Moltres|Berserk|boost\n|-boost|p2a: Moltres|spa|1\n|-enditem|p2a: Moltres|Sitrus Berry|[eat]\n|-heal|p2a: Moltres|60/100|[from] item: Sitrus Berry\n|move|p2b: Calyrex|Astral Barrage|p1a: Iron Valiant|[spread] \n|-activate|p1a: Iron Valiant|move: Wide Guard\n|-activate|p1b: Lunala|move: Wide Guard\n|move|p2a: Moltres|Air Slash|p1b: Lunala\n|-damage|p1b: Lunala|82/100\n|\n|upkeep\n|turn|2\n|inactive|Mona Aster has 30 seconds left.\n|inactive|pyroboy001 has 30 seconds left.\n|inactive|pyroboy001 has 20 seconds left.\n|inactive|pyroboy001 has 15 seconds left.\n|inactive|pyroboy001 has 10 seconds left.\n|inactive|pyroboy001 has 5 seconds left.\n|\n|t:|1746146160\n|move|p1b: Lunala|Wide Guard|p1b: Lunala\n|-singleturn|p1b: Lunala|Wide Guard\n|move|p1a: Iron Valiant|Disable|p2a: Moltres\n|-start|p2a: Moltres|Disable|Air Slash\n|move|p2b: Calyrex|Astral Barrage|p1a: Iron Valiant|[spread] \n|-activate|p1a: Iron Valiant|move: Wide Guard\n|-activate|p1b: Lunala|move: Wide Guard\n|cant|p2a: Moltres|Disable|Air Slash\n|\n|upkeep\n|turn|3\n|inactive|pyroboy001 has 30 seconds left.\n|inactive|pyroboy001 has 20 seconds left.\n|inactive|pyroboy001 has 15 seconds left.\n|inactive|pyroboy001 has 10 seconds left.\n|inactive|pyroboy001 has 5 seconds left.\n|\n|t:|1746146215\n|move|p1b: Lunala|Wide Guard|p1b: Lunala\n|-singleturn|p1b: Lunala|Wide Guard\n|move|p1a: Iron Valiant|Encore|p2a: Moltres\n|-start|p2a: Moltres|Encore\n|move|p2b: Calyrex|Astral Barrage|p1b: Lunala|[spread] \n|-activate|p1a: Iron Valiant|move: Wide Guard\n|-activate|p1b: Lunala|move: Wide Guard\n|cant|p2a: Moltres|Disable|Air Slash\n|\n|upkeep\n|turn|4\n|inactive|pyroboy001 has 30 seconds left.\n|inactive|pyroboy001 has 20 seconds left.\n|inactive|pyroboy001 has 15 seconds left.\n|inactive|pyroboy001 has 10 seconds left.\n|inactive|pyroboy001 has 5 seconds left.\n|\n|t:|1746146270\n|move|p1b: Lunala|Wide Guard|p1b: Lunala\n|-singleturn|p1b: Lunala|Wide Guard\n|move|p1a: Iron Valiant|Moonblast|p2b: Calyrex\n|-damage|p2b: Calyrex|62/100\n|move|p2b: Calyrex|Astral Barrage|p1a: Iron Valiant|[spread] \n|-activate|p1a: Iron Valiant|move: Wide Guard\n|-activate|p1b: Lunala|move: Wide Guard\n|-activate|p2a: Moltres|move: Struggle\n|move|p2a: Moltres|Struggle|p1a: Iron Valiant\n|-damage|p1a: Iron Valiant|92/100\n|-damage|p2a: Moltres|35/100|[from] recoil\n|\n|upkeep\n|turn|5\n|inactive|pyroboy001 has 30 seconds left.\n|inactive|pyroboy001 has 20 seconds left.\n|inactive|pyroboy001 has 15 seconds left.\n|inactive|pyroboy001 has 10 seconds left.\n|inactive|pyroboy001 has 5 seconds left.\n|\n|t:|1746146325\n|move|p1a: Iron Valiant|Disable|p2b: Calyrex\n|-start|p2b: Calyrex|Disable|Astral Barrage\n|cant|p2b: Calyrex|Disable|Astral Barrage\n|move|p1b: Lunala|Moongeist Beam|p2b: Calyrex\n|-supereffective|p2b: Calyrex\n|-damage|p2b: Calyrex|0 fnt\n|faint|p2b: Calyrex\n|-activate|p2a: Moltres|move: Struggle\n|move|p2a: Moltres|Struggle|p1a: Iron Valiant\n|-damage|p1a: Iron Valiant|84/100\n|-damage|p2a: Moltres|10/100|[from] recoil\n|\n|-end|p2a: Moltres|Encore\n|-end|p2a: Moltres|Disable\n|upkeep\n|inactive|pyroboy001 has 30 seconds left.\n|inactive|pyroboy001 has 20 seconds left.\n|inactive|pyroboy001 has 15 seconds left.\n|inactive|pyroboy001 has 10 seconds left.\n|inactive|pyroboy001 has 5 seconds left.\n|\n|t:|1746146380\n|switch|p2b: Koraidon|Koraidon, L50|100/100\n|-weather|SunnyDay|[from] ability: Orichalcum Pulse|[of] p2b: Koraidon\n|-activate|p2b: Koraidon|Orichalcum Pulse|[source]\n|turn|6\n|inactive|pyroboy001 has 30 seconds left.\n|inactive|pyroboy001 has 20 seconds left.\n|inactive|pyroboy001 has 15 seconds left.\n|inactive|pyroboy001 has 10 seconds left.\n|inactive|pyroboy001 has 5 seconds left.\n|\n|t:|1746146435\n|-terastallize|p1b: Lunala|Water\n|move|p1a: Iron Valiant|Moonblast|p2b: Koraidon\n|-supereffective|p2b: Koraidon\n|-damage|p2b: Koraidon|0 fnt\n|faint|p2b: Koraidon\n|move|p1b: Lunala|Moongeist Beam|p2a: Moltres\n|-resisted|p2a: Moltres\n|-damage|p2a: Moltres|0 fnt\n|faint|p2a: Moltres\n|\n|-weather|SunnyDay|[upkeep]\n|upkeep\n|l|\u2606Mona Aster\n|inactive|Mona Aster disconnected and has a minute to reconnect!\n|player|p1|\n|j|\u2606Mona Aster\n|inactive|Mona Aster reconnected.\n|player|p1|Mona Aster|265|\n|inactive|pyroboy001 has 30 seconds left.\n|inactive|pyroboy001 has 20 seconds left.\n|inactive|pyroboy001 has 15 seconds left.\n|inactive|pyroboy001 has 10 seconds left.\n|inactive|pyroboy001 has 5 seconds left.\n|\n|t:|1746146490\n|switch|p2a: Chi-Yu|Chi-Yu, L50|100/100\n|-ability|p2a: Chi-Yu|Beads of Ruin\n|turn|7\n|inactive|pyroboy001 has 30 seconds left.\n|inactive|pyroboy001 has 20 seconds left.\n|inactive|pyroboy001 has 15 seconds left.\n|inactive|pyroboy001 has 10 seconds left.\n|inactive|pyroboy001 has 5 seconds left.\n|-message|pyroboy001 lost due to inactivity.\n|\n|win|Mona Aster\n||Mona Aster is ready for game 2.\n|inactive|pyroboy001 has 30 seconds to confirm battle start!\n|l|\u2606Mona Aster\n|player|p1|\n|inactive|pyroboy001 has 20 seconds to confirm battle start!\n|j|\u2606Mona Aster\n|player|p1|Mona Aster|265|\n|inactive|pyroboy001 has 10 seconds to confirm battle start!\n|uhtml|next|Next: <a href=\"/battle-gen9vgc2025regibo3-2355051962\"><strong>Game 2 of 3</strong></a>\n|l|\u2606Mona Aster\n|player|p1|\n", "uploadtime": 1746146919, "views": 3, "formatid": "gen9vgc2025regibo3", "rating": null, "private": 0, "password": null}