{"id": "gen9vgc2025regibo3-2353887810", "format": "[Gen 9] VGC 2025 Reg I (Bo3)", "players": ["Pacca100", "Olciax34"], "log": "|j|\u2606Pacca100\n|j|\u2606Olciax34\n|html|<table width=\"100%\"><tr><td align=\"left\">Pacca100</td><td align=\"right\">Olciax34</tr><tr><td align=\"left\"><i class=\"fa fa-circle-o\"></i> <i class=\"fa fa-circle-o\"></i> </td><td align=\"right\"><i class=\"fa fa-circle-o\"></i> <i class=\"fa fa-circle-o\"></i> </tr></table>\n|uhtml|bestof|<h2><strong>Game 1</strong> of <a href=\"/game-bestof3-gen9vgc2025regibo3-2353887809\">a best-of-3</a></h2>\n|t:|1746015201\n|gametype|doubles\n|player|p1|Pacca100|102|1307\n|player|p2|Olciax34|clair|1203\n|teamsize|p1|6\n|teamsize|p2|6\n|gen|9\n|tier|[Gen 9] VGC 2025 Reg I (Bo3)\n|rated|\n|rule|Species Clause: Limit one of each Pok\u00e9mon\n|rule|Item Clause: Limit 1 of each item\n|clearpoke\n|poke|p1|Koraidon, L50|\n|poke|p1|Calyrex-Shadow, L50|\n|poke|p1|Weezing-Galar, L50, M|\n|poke|p1|Iron Hands, L50|\n|poke|p1|Ogerpon-Cornerstone, L50, F|\n|poke|p1|Chi-Yu, L50|\n|poke|p2|Miraidon, L50|\n|poke|p2|Cobalion, L50|\n|poke|p2|Iron Hands, L50|\n|poke|p2|Urshifu-*, L50, M|\n|poke|p2|Calyrex-Shadow, L50|\n|poke|p2|Tornadus, L50, M|\n|teampreview|4\n|showteam|p1|Koraidon||AbilityShield|OrichalcumPulse|CloseCombat,FlareBlitz,FlameCharge,Protect||||||50|,,,,,Fire]Calyrex-Shadow||FocusSash|AsOneSpectrier|AstralBarrage,Psychic,Encore,Protect||||||50|,,,,,Ghost]Weezing-Galar||CovertCloak|NeutralizingGas|StrangeSteam,ToxicSpikes,Taunt,Protect|||M|||50|,,,,,Water]Iron Hands||AssaultVest|QuarkDrive|FakeOut,LowKick,WildCharge,HeavySlam||||||50|,,,,,Water]Ogerpon-Cornerstone||CornerstoneMask|Sturdy|FollowMe,IvyCudgel,PowerWhip,SpikyShield|||F|||50|,,,,,Rock]Chi-Yu||ChoiceScarf|BeadsofRuin|HeatWave,Overheat,DarkPulse,Snarl||||||50|,,,,,Ghost\n|showteam|p2|Miraidon||ChoiceSpecs|HadronEngine|ElectroDrift,DracoMeteor,VoltSwitch,DazzlingGleam||||||50|,,,,,Fairy]Cobalion||ElectricSeed|Justified|BodyPress,HeavySlam,IronDefense,Protect||||||50|,,,,,Dragon]Iron Hands||AssaultVest|QuarkDrive|DrainPunch,HeavySlam,LowKick,FakeOut||||||50|,,,,,Bug]Urshifu-Rapid-Strike||MysticWater|UnseenFist|SurgingStrikes,CloseCombat,AquaJet,Detect|||M|||50|,,,,,Water]Calyrex-Shadow||FocusSash|AsOneSpectrier|AstralBarrage,ShadowBall,TeraBlast,Protect||||||50|,,,,,Water]Tornadus||CovertCloak|Prankster|Tailwind,BleakwindStorm,RainDance,Protect|||M|||50|,,,,,Dark\n|inactive|Battle timer is ON: inactive players will automatically lose when time's up. (requested by Pacca100)\n|inactive|Pacca100 has 60 seconds left.\n|inactive|Pacca100 has 30 seconds left.\n|\n|t:|1746015275\n|start\n|switch|p1a: Calyrex|Calyrex-Shadow, L50|100/100\n|switch|p1b: Weezing|Weezing-Galar, L50, M|100/100\n|switch|p2a: Miraidon|Miraidon, L50|100/100\n|switch|p2b: Tornadus|Tornadus, L50, M|100/100\n|-ability|p1b: Weezing|Neutralizing Gas\n|-ability|p1a: Calyrex|As One\n|-ability|p1a: Calyrex|Unnerve\n|turn|1\n|inactive|Pacca100 has 30 seconds left.\n|inactive|Olciax34 has 30 seconds left.\n|inactive|Pacca100 has 20 seconds left.\n|\n|t:|1746015313\n|-terastallize|p1a: Calyrex|Ghost\n|move|p1a: Calyrex|Astral Barrage|p2b: Tornadus|[spread] p2a,p2b\n|-damage|p2a: Miraidon|44/100\n|-damage|p2b: Tornadus|12/100\n|move|p2a: Miraidon|Volt Switch|p1b: Weezing\n|-damage|p1b: Weezing|39/100\n|\n|t:|1746015321\n|switch|p2a: Calyrex|Calyrex-Shadow, L50|100/100|[from] Volt Switch\n|-ability|p2a: Calyrex|As One\n|-ability|p2a: Calyrex|Unnerve\n|move|p2b: Tornadus|Tailwind|p2b: Tornadus\n|-sidestart|p2: Olciax34|move: Tailwind\n|move|p1b: Weezing|Toxic Spikes|p2b: Tornadus\n|-sidestart|p2: Olciax34|move: Toxic Spikes\n|\n|upkeep\n|turn|2\n|\n|t:|1746015343\n|move|p1a: Calyrex|Protect|p1a: Calyrex\n|-singleturn|p1a: Calyrex|Protect\n|move|p1b: Weezing|Protect|p1b: Weezing\n|-singleturn|p1b: Weezing|Protect\n|move|p2a: Calyrex|Astral Barrage|p1b: Weezing|[spread] \n|-activate|p1a: Calyrex|move: Protect\n|-activate|p1b: Weezing|move: Protect\n|move|p2b: Tornadus|Bleakwind Storm|p1a: Calyrex|[spread] \n|-activate|p1a: Calyrex|move: Protect\n|-activate|p1b: Weezing|move: Protect\n|\n|upkeep\n|turn|3\n|inactive|Pacca100 has 30 seconds left.\n|inactive|Pacca100 has 20 seconds left.\n|\n|t:|1746015380\n|switch|p1a: Seneca|Chi-Yu, L50|100/100\n|move|p2a: Calyrex|Astral Barrage|p1b: Weezing|[spread] p1a,p1b\n|-resisted|p1a: Seneca\n|-damage|p1a: Seneca|68/100\n|-damage|p1b: Weezing|0 fnt\n|faint|p1b: Weezing\n|-end|p1b: Weezing|ability: Neutralizing Gas\n|-ability|p1a: Seneca|Beads of Ruin\n|-ability|p2a: Calyrex|Grim Neigh|boost\n|-boost|p2a: Calyrex|spa|1\n|move|p2b: Tornadus|Bleakwind Storm|p1a: Seneca\n|-damage|p1a: Seneca|15/100\n|\n|upkeep\n|\n|t:|1746015390\n|switch|p1b: Speedrun|Koraidon, L50|100/100\n|-weather|SunnyDay|[from] ability: Orichalcum Pulse|[of] p1b: Speedrun\n|-activate|p1b: Speedrun|Orichalcum Pulse|[source]\n|turn|4\n|\n|t:|1746015414\n|switch|p1a: Calyrex|Calyrex-Shadow, L50, tera:Ghost|100/100\n|-ability|p1a: Calyrex|As One\n|-ability|p1a: Calyrex|Unnerve\n|move|p2b: Tornadus|Rain Dance|p2b: Tornadus\n|-weather|RainDance\n|move|p2a: Calyrex|Astral Barrage|p1a: Calyrex|[spread] p1a,p1b\n|-supereffective|p1a: Calyrex\n|-enditem|p1a: Calyrex|Focus Sash\n|-damage|p1a: Calyrex|1/100\n|-damage|p1b: Speedrun|22/100\n|move|p1b: Speedrun|Flame Charge|p2b: Tornadus\n|-damage|p2b: Tornadus|4/100\n|-boost|p1b: Speedrun|spe|1\n|\n|-weather|RainDance|[upkeep]\n|-sideend|p2: Olciax34|move: Tailwind\n|upkeep\n|turn|5\n|-message|Pacca100 forfeited.\n|\n|win|Olciax34\n|l|\u2606Pacca100\n|player|p1|\n||Pacca100 is ready for game 2.\n||Olciax34 is ready for game 2.\n|uhtml|next|Next: <a href=\"/battle-gen9vgc2025regibo3-2353889682\"><strong>Game 2 of 3</strong></a>\n", "uploadtime": 1746015689, "views": 6, "formatid": "gen9vgc2025regibo3", "rating": null, "private": 0, "password": null}