{"id": "gen9vgc2025regibo3-2353998324", "format": "[Gen 9] VGC 2025 Reg I (Bo3)", "players": ["georgie.Young", "BringBackOrre"], "log": "|j|\u2606georgie.Young\n|j|\u2606BringBackOrre\n|html|<table width=\"100%\"><tr><td align=\"left\">georgie.Young</td><td align=\"right\">BringBackOrre</tr><tr><td align=\"left\"><i class=\"fa fa-circle\"></i> <i class=\"fa fa-circle-o\"></i> </td><td align=\"right\"><i class=\"fa fa-circle-o\"></i> <i class=\"fa fa-circle\"></i> </tr></table>\n|uhtml|bestof|<h2><strong>Game 3</strong> of <a href=\"/game-bestof3-gen9vgc2025regibo3-2353993855\">a best-of-3</a></h2>\n|t:|1746026173\n|gametype|doubles\n|player|p1|georgie.Young|caitlin|1196\n|player|p2|BringBackOrre|2|1137\n|teamsize|p1|6\n|teamsize|p2|6\n|gen|9\n|tier|[Gen 9] VGC 2025 Reg I (Bo3)\n|rated|\n|rule|Species Clause: Limit one of each Pok\u00e9mon\n|rule|Item Clause: Limit 1 of each item\n|clearpoke\n|poke|p1|Calyrex-Shadow, L50|\n|poke|p1|Kyogre, L50|\n|poke|p1|Tornadus, L50, M|\n|poke|p1|Brute Bonnet, L50|\n|poke|p1|Farigiraf, L50, M|\n|poke|p1|Landorus, L50, M|\n|poke|p2|Calyrex-Ice, L50|\n|poke|p2|Torkoal, L50, F|\n|poke|p2|Venusaur, L50, F|\n|poke|p2|Incineroar, L50, M|\n|poke|p2|Groudon, L50|\n|poke|p2|Walking Wake, L50|\n|teampreview|4\n|showteam|p1|Calyrex-Shadow||LifeOrb|AsOneSpectrier|AstralBarrage,Psychic,Encore,Protect||||||50|,,,,,Dark]Kyogre||MysticWater|Drizzle|WaterSpout,OriginPulse,IceBeam,Protect||||||50|,,,,,Grass]Tornadus||FocusSash|Prankster|Taunt,Tailwind,BleakwindStorm,RainDance|||M|||50|,,,,,Flying]Brute Bonnet||CovertCloak|Protosynthesis|SeedBomb,SuckerPunch,Spore,RagePowder||||||50|,,,,,Water]Farigiraf||SafetyGoggles|ArmorTail|Psychic,FoulPlay,HelpingHand,TrickRoom|||M|||50|,,,,,Dark]Landorus||ChoiceScarf|SheerForce|EarthPower,SandsearStorm,SludgeBomb,Psychic|||M|||50|,,,,,Water\n|showteam|p2|Calyrex-Ice||ClearAmulet|AsOneGlastrier|GlacialLance,HighHorsepower,Protect,TrickRoom||||||50|,,,,,Water]Torkoal||EjectPack|Drought|Protect,Eruption,Overheat,HelpingHand|||F|||50|,,,,,Fire]Venusaur||FocusSash|Chlorophyll|GrassKnot,SludgeBomb,SleepPowder,Protect|||F|||50|,,,,,Stellar]Incineroar||SafetyGoggles|Intimidate|PartingShot,KnockOff,FlareBlitz,FakeOut|||M|||50|,,,,,Ghost]Groudon||AssaultVest|Drought|PrecipiceBlades,Crunch,HammerArm,HeatCrash||||||50|,,,,,Ground]Walking Wake||BoosterEnergy|Protosynthesis|HydroSteam,WeatherBall,DracoMeteor,SunnyDay||||||50|,,,,,Steel\n|\n|t:|1746026199\n|start\n|switch|p1a: Brute Bonnet|Brute Bonnet, L50|100/100\n|switch|p1b: Calyrex|Calyrex-Shadow, L50|100/100\n|switch|p2a: Walking Wake|Walking Wake, L50|100/100\n|switch|p2b: Calyrex|Calyrex-Ice, L50|100/100\n|-ability|p1b: Calyrex|As One\n|-ability|p1b: Calyrex|Unnerve\n|-ability|p2b: Calyrex|As One\n|-ability|p2b: Calyrex|Unnerve\n|-enditem|p2a: Walking Wake|Booster Energy\n|-activate|p2a: Walking Wake|ability: Protosynthesis|[fromitem]\n|-start|p2a: Walking Wake|protosynthesisspe\n|turn|1\n|\n|t:|1746026219\n|-end|p2a: Walking Wake|Protosynthesis|[silent]\n|switch|p2a: Venusaur|Venusaur, L50, F|100/100\n|-terastallize|p1a: Brute Bonnet|Water\n|-terastallize|p2b: Calyrex|Water\n|move|p1b: Calyrex|Astral Barrage|p2b: Calyrex|[spread] p2a,p2b\n|-damage|p2a: Venusaur|23/100\n|-damage|p2b: Calyrex|57/100\n|-damage|p1b: Calyrex|91/100|[from] item: Life Orb\n|move|p1a: Brute Bonnet|Spore|p2b: Calyrex\n|-status|p2b: Calyrex|slp|[from] move: Spore\n|cant|p2b: Calyrex|slp\n|\n|upkeep\n|turn|2\n|\n|t:|1746026238\n|move|p1a: Brute Bonnet|Sucker Punch|p2a: Venusaur\n|-damage|p2a: Venusaur|0 fnt\n|faint|p2a: Venusaur\n|move|p1b: Calyrex|Astral Barrage|p2b: Calyrex\n|-damage|p2b: Calyrex|0 fnt\n|faint|p2b: Calyrex\n|-ability|p1b: Calyrex|Grim Neigh|boost\n|-boost|p1b: Calyrex|spa|1\n|-damage|p1b: Calyrex|81/100|[from] item: Life Orb\n|\n|upkeep\n|\n|t:|1746026242\n|switch|p2a: Incineroar|Incineroar, L50, M|100/100\n|switch|p2b: Walking Wake|Walking Wake, L50|100/100\n|-ability|p2a: Incineroar|Intimidate|boost\n|-unboost|p1a: Brute Bonnet|atk|1\n|-unboost|p1b: Calyrex|atk|1\n|turn|3\n|\n|t:|1746026253\n|move|p1b: Calyrex|Astral Barrage|p2b: Walking Wake|[spread] p2a,p2b\n|-resisted|p2a: Incineroar\n|-damage|p2a: Incineroar|62/100\n|-damage|p2b: Walking Wake|0 fnt\n|faint|p2b: Walking Wake\n|-end|p2b: Walking Wake|Protosynthesis|[silent]\n|-ability|p1b: Calyrex|Grim Neigh|boost\n|-boost|p1b: Calyrex|spa|1\n|-damage|p1b: Calyrex|72/100|[from] item: Life Orb\n|move|p1a: Brute Bonnet|Seed Bomb|p2a: Incineroar\n|-resisted|p2a: Incineroar\n|-damage|p2a: Incineroar|53/100\n|move|p2a: Incineroar|Knock Off|p1b: Calyrex\n|-supereffective|p1b: Calyrex\n|-damage|p1b: Calyrex|0 fnt\n|-enditem|p1b: Calyrex|Life Orb|[from] move: Knock Off|[of] p2a: Incineroar\n|faint|p1b: Calyrex\n|\n|upkeep\n|-message|BringBackOrre forfeited.\n|\n|win|georgie.Young\n|raw|georgie.Young's rating: 1196 &rarr; <strong>1217</strong><br />(+21 for winning)\n|raw|BringBackOrre's rating: 1137 &rarr; <strong>1116</strong><br />(-21 for losing)\n|l|\u2606BringBackOrre\n|player|p2|\n|c|\u2606georgie.Young|ggwp\n", "uploadtime": 1746026269, "views": 6, "formatid": "gen9vgc2025regibo3", "rating": 1116, "private": 0, "password": null}