{"id": "gen9vgc2025regibo3-2354900304", "format": "[Gen 9] VGC 2025 Reg I (Bo3)", "players": ["saboyita", "TurquoiseYoshi"], "log": "|j|\u2606saboyita\n|j|\u2606TurquoiseYoshi\n|html|<table width=\"100%\"><tr><td align=\"left\">saboyita</td><td align=\"right\">TurquoiseYoshi</tr><tr><td align=\"left\"><i class=\"fa fa-circle-o\"></i> <i class=\"fa fa-circle-o\"></i> </td><td align=\"right\"><i class=\"fa fa-circle-o\"></i> <i class=\"fa fa-circle-o\"></i> </tr></table>\n|uhtml|bestof|<h2><strong>Game 1</strong> of <a href=\"/game-bestof3-gen9vgc2025regibo3-2354900303\">a best-of-3</a></h2>\n|t:|1746129881\n|gametype|doubles\n|player|p1|saboyita|grimsley|1235\n|player|p2|TurquoiseYoshi|rika|1139\n|teamsize|p1|6\n|teamsize|p2|6\n|gen|9\n|tier|[Gen 9] VGC 2025 Reg I (Bo3)\n|rated|\n|rule|Species Clause: Limit one of each Pok\u00e9mon\n|rule|Item Clause: Limit 1 of each item\n|clearpoke\n|poke|p1|Koraidon, L50|\n|poke|p1|Calyrex-Shadow, L50|\n|poke|p1|Chi-Yu, L50|\n|poke|p1|Weezing-Galar, L50, F|\n|poke|p1|Iron Hands, L50|\n|poke|p1|Ogerpon-Cornerstone, L50, F|\n|poke|p2|Kyurem-White, L50|\n|poke|p2|Tornadus, L50, M|\n|poke|p2|Calyrex-Shadow, L50|\n|poke|p2|Indeedee-F, L50, F|\n|poke|p2|Dondozo, L50, F|\n|poke|p2|Tatsugiri-Droopy, L50, F|\n|teampreview|4\n|showteam|p1|Koraidon||AbilityShield|OrichalcumPulse|CollisionCourse,DragonClaw,FlareBlitz,Protect||||||50|,,,,,Fire]Calyrex-Shadow||FocusSash|AsOneSpectrier|AstralBarrage,Psychic,Encore,Protect||||||50|,,,,,Ghost]Chi-Yu||ChoiceScarf|BeadsofRuin|DarkPulse,Snarl,HeatWave,Overheat||||||50|,,,,,Ghost]Weezing-Galar||CovertCloak|NeutralizingGas|ToxicSpikes,StrangeSteam,Taunt,Protect|||F|||50|,,,,,Dark]Iron Hands||AssaultVest|QuarkDrive|DrainPunch,LowKick,WildCharge,FakeOut||||||50|,,,,,Water]Ogerpon-Cornerstone||CornerstoneMask|Sturdy|IvyCudgel,PowerWhip,FollowMe,SpikyShield|||F|||50|,,,,,Rock\n|showteam|p2|Kyurem-White||AssaultVest|Turboblaze|FreezeDry,EarthPower,ShadowBall,Blizzard||||||50|,,,,,Ground]Tornadus||CovertCloak|Prankster|BleakwindStorm,Tailwind,Snowscape,Taunt|||M|||50|,,,,,Dark]Calyrex-Shadow||LifeOrb|AsOneSpectrier|AstralBarrage,ExpandingForce,PollenPuff,Protect||||||50|,,,,,Normal]Indeedee-F||RockyHelmet|PsychicSurge|FollowMe,HelpingHand,TrickRoom,AlluringVoice|||F|||50|,,,,,Fairy]Dondozo||Leftovers|Unaware|BodyPress,OrderUp,Earthquake,Protect|||F|||50|,,,,,Grass]Tatsugiri-Droopy||ChoiceScarf|Commander|MuddyWater,DracoMeteor,IcyWind,SleepTalk|||F|||50|,,,,,Stellar\n|inactive|Battle timer is ON: inactive players will automatically lose when time's up. (requested by TurquoiseYoshi)\n|inactive|saboyita has 60 seconds left.\n|inactive|saboyita has 30 seconds left.\n|inactive|saboyita has 20 seconds left.\n|inactive|saboyita has 15 seconds left.\n|\n|t:|1746129967\n|start\n|switch|p1a: Calyrex|Calyrex-Shadow, L50|100/100\n|switch|p1b: Iron Hands|Iron Hands, L50|100/100\n|switch|p2a: corn|Tornadus, L50, M|100/100\n|switch|p2b: flameatron|Kyurem-White, L50|100/100\n|-ability|p1a: Calyrex|As One\n|-ability|p1a: Calyrex|Unnerve\n|-ability|p2b: flameatron|Turboblaze\n|turn|1\n|\n|t:|1746129983\n|-end|p1b: Iron Hands|Quark Drive|[silent]\n|switch|p1b: Weezing|Weezing-Galar, L50, F|100/100\n|-ability|p1b: Weezing|Neutralizing Gas\n|move|p1a: Calyrex|Astral Barrage|p2a: corn|[spread] p2a,p2b\n|-damage|p2a: corn|17/100\n|-damage|p2b: flameatron|72/100\n|move|p2a: corn|Tailwind|p2a: corn\n|-sidestart|p2: TurquoiseYoshi|move: Tailwind\n|move|p2b: flameatron|Shadow Ball|p1a: Calyrex\n|-supereffective|p1a: Calyrex\n|-enditem|p1a: Calyrex|Focus Sash\n|-damage|p1a: Calyrex|1/100\n|\n|upkeep\n|turn|2\n|\n|t:|1746130006\n|switch|p1a: Iron Hands|Iron Hands, L50|100/100\n|move|p2a: corn|Bleakwind Storm|p1a: Iron Hands|[spread] p1a,p1b\n|-damage|p1a: Iron Hands|79/100\n|-damage|p1b: Weezing|64/100\n|-unboost|p1a: Iron Hands|spe|1\n|move|p2b: flameatron|Earth Power|p1b: Weezing\n|-supereffective|p1b: Weezing\n|-damage|p1b: Weezing|0 fnt\n|faint|p1b: Weezing\n|-end|p1b: Weezing|ability: Neutralizing Gas\n|-ability|p2b: flameatron|Turboblaze\n|\n|upkeep\n|-message|saboyita forfeited.\n|\n|win|TurquoiseYoshi\n|l|\u2606saboyita\n|player|p1|\n||saboyita is ready for game 2.\n", "uploadtime": 1746130018, "views": 7, "formatid": "gen9vgc2025regibo3", "rating": null, "private": 0, "password": null}