{"id": "gen9vgc2025regibo3-2353656483", "format": "[Gen 9] VGC 2025 Reg I (Bo3)", "players": ["Mopp_Is_Here", "mil0battles"], "log": "|j|\u2606Mopp_Is_Here\n|j|\u2606mil0battles\n|html|<table width=\"100%\"><tr><td align=\"left\">Mopp_Is_Here</td><td align=\"right\">mil0battles</tr><tr><td align=\"left\"><i class=\"fa fa-circle-o\"></i> <i class=\"fa fa-circle-o\"></i> </td><td align=\"right\"><i class=\"fa fa-circle-o\"></i> <i class=\"fa fa-circle\"></i> </tr></table>\n|uhtml|bestof|<h2><strong>Game 2</strong> of <a href=\"/game-bestof3-gen9vgc2025regibo3-2353655013\">a best-of-3</a></h2>\n|t:|1745979778\n|gametype|doubles\n|player|p1|Mopp_Is_Here|backpacker|1075\n|player|p2|mil0battles|pokemonranger-gen4|1163\n|teamsize|p1|6\n|teamsize|p2|6\n|gen|9\n|tier|[Gen 9] VGC 2025 Reg I (Bo3)\n|rated|\n|rule|Species Clause: Limit one of each Pok\u00e9mon\n|rule|Item Clause: Limit 1 of each item\n|clearpoke\n|poke|p1|Miraidon, L50|\n|poke|p1|Iron Hands, L50|\n|poke|p1|Chi-Yu, L50|\n|poke|p1|Whimsicott, L50, M|\n|poke|p1|Urshifu-*, L50, F|\n|poke|p1|Terapagos, L50, M|\n|poke|p2|Zacian-*, L50|\n|poke|p2|Calyrex-Shadow, L50|\n|poke|p2|Tornadus, L50, M|\n|poke|p2|Indeedee-F, L50, F|\n|poke|p2|Urshifu-*, L50, F|\n|poke|p2|Ursaluna, L50, F|\n|teampreview|4\n|showteam|p1|Miraidon||LifeOrb|HadronEngine|ElectroDrift,DracoMeteor,Taunt,Protect||||||50|,,,,,Electric]Iron Hands||ClearAmulet|QuarkDrive|FakeOut,DrainPunch,WildCharge,Protect||||||50|,,,,,Grass]Chi-Yu||FocusSash|BeadsofRuin|HeatWave,DarkPulse,Overheat,Protect||||||50|,,,,,Fire]Whimsicott||MentalHerb|Prankster|Tailwind,Encore,EnergyBall,Taunt|||M|||50|,,,,,Ghost]Urshifu-Rapid-Strike||MysticWater|UnseenFist|AquaJet,SurgingStrikes,CloseCombat,Protect|||F|||50|,,,,,Water]Terapagos||Leftovers|TeraShift|TeraStarstorm,CalmMind,DarkPulse,Protect|||M|||50|,,,,,Stellar\n|showteam|p2|Zacian-Crowned||RustedSword|IntrepidSword|Protect,PlayRough,behemothblade,SacredSword||||||50|,,,,,Stellar]Calyrex-Shadow||LifeOrb|AsOneSpectrier|ExpandingForce,AstralBarrage,NastyPlot,Protect||||||50|,,,,,Normal]Tornadus||CovertCloak|Prankster|RainDance,Tailwind,BleakwindStorm,Taunt|||M|||50|,,,,,Dark]Indeedee-F||PsychicSeed|PsychicSurge|FollowMe,TrickRoom,Imprison,HelpingHand|||F|||50|,,,,,Fairy]Urshifu-Rapid-Strike||ChoiceScarf|UnseenFist|Coaching,SurgingStrikes,AquaJet,CloseCombat|||F|||50|,,,,,Stellar]Ursaluna||FlameOrb|Guts|Facade,HeadlongRush,RockSlide,Protect|||F|||50|,,,,,Fire\n|inactive|Battle timer is ON: inactive players will automatically lose when time's up. (requested by Mopp_Is_Here)\n|\n|t:|1745979809\n|start\n|switch|p1a: Brian Hands|Iron Hands, L50|100/100\n|switch|p1b: Miraidoff|Miraidon, L50|100/100\n|switch|p2a: Tornadus|Tornadus, L50, M|100/100\n|switch|p2b: Zacian|Zacian-Crowned, L50|100/100\n|-ability|p2b: Zacian|Intrepid Sword|boost\n|-boost|p2b: Zacian|atk|1\n|-fieldstart|move: Electric Terrain|[from] ability: Hadron Engine|[of] p1b: Miraidoff\n|-activate|p1a: Brian Hands|ability: Quark Drive\n|-start|p1a: Brian Hands|quarkdriveatk\n|turn|1\n|inactive|mil0battles has 30 seconds left.\n|\n|t:|1745979841\n|move|p1a: Brian Hands|Fake Out|p2b: Zacian\n|-resisted|p2b: Zacian\n|-damage|p2b: Zacian|91/100\n|cant|p2b: Zacian|flinch\n|move|p1b: Miraidoff|Electro Drift|p2a: Tornadus\n|-supereffective|p2a: Tornadus\n|-damage|p2a: Tornadus|0 fnt\n|faint|p2a: Tornadus\n|-damage|p1b: Miraidoff|91/100|[from] item: Life Orb\n|\n|upkeep\n|\n|t:|1745979852\n|switch|p2a: Calyrex|Calyrex-Shadow, L50|100/100\n|-ability|p2a: Calyrex|As One\n|-ability|p2a: Calyrex|Unnerve\n|turn|2\n|\n|t:|1745979867\n|move|p1b: Miraidoff|Protect|p1b: Miraidoff\n|-singleturn|p1b: Miraidoff|Protect\n|move|p2a: Calyrex|Nasty Plot|p2a: Calyrex\n|-boost|p2a: Calyrex|spa|2\n|move|p2b: Zacian|Play Rough|p1b: Miraidoff\n|-activate|p1b: Miraidoff|move: Protect\n|move|p1a: Brian Hands|Wild Charge|p2a: Calyrex\n|-damage|p2a: Calyrex|0 fnt\n|faint|p2a: Calyrex\n|-damage|p1a: Brian Hands|84/100|[from] Recoil\n|\n|upkeep\n|-message|mil0battles forfeited.\n|\n|win|Mopp_Is_Here\n||Mopp_Is_Here is ready for game 3.\n", "uploadtime": 1745979881, "views": 11, "formatid": "gen9vgc2025regibo3", "rating": null, "private": 0, "password": null}