{"id": "gen9vgc2025regibo3-2354481868", "format": "[Gen 9] VGC 2025 Reg I (Bo3)", "players": ["bigj009", "DigitalWolf"], "log": "|j|\u2606bigj009\n|j|\u2606DigitalWolf\n|html|<table width=\"100%\"><tr><td align=\"left\">bigj009</td><td align=\"right\">DigitalWolf</tr><tr><td align=\"left\"><i class=\"fa fa-circle-o\"></i> <i class=\"fa fa-circle-o\"></i> </td><td align=\"right\"><i class=\"fa fa-circle-o\"></i> <i class=\"fa fa-circle-o\"></i> </tr></table>\n|uhtml|bestof|<h2><strong>Game 1</strong> of <a href=\"/game-bestof3-gen9vgc2025regibo3-2354481867\">a best-of-3</a></h2>\n|t:|1746078898\n|gametype|doubles\n|player|p1|bigj009|lucas|1154\n|player|p2|DigitalWolf|102|1168\n|teamsize|p1|6\n|teamsize|p2|6\n|gen|9\n|tier|[Gen 9] VGC 2025 Reg I (Bo3)\n|rated|\n|rule|Species Clause: Limit one of each Pok\u00e9mon\n|rule|Item Clause: Limit 1 of each item\n|clearpoke\n|poke|p1|Calyrex-Ice, L50|\n|poke|p1|Kyogre, L50|\n|poke|p1|Smeargle, L50, F|\n|poke|p1|Hatterene, L50, F|\n|poke|p1|Indeedee-F, L50, F|\n|poke|p1|Ursaluna-Bloodmoon, L50, M|\n|poke|p2|Zacian-*, L50|\n|poke|p2|Kyogre, L50|\n|poke|p2|Tornadus, L50, M|\n|poke|p2|Amoonguss, L50, F|\n|poke|p2|Incineroar, L50, F|\n|poke|p2|Urshifu-*, L50, M|\n|teampreview|4\n|showteam|p1|Calyrex-Ice||LifeOrb|AsOneGlastrier|GlacialLance,HighHorsepower,Protect,TrickRoom||||||50|,,,,,Normal]Kyogre||ChoiceScarf|Drizzle|WaterSpout,TeraBlast,IceBeam,Thunder||||||50|,,,,,Water]Smeargle||FocusSash|OwnTempo|FakeOut,Spore,Feint,FollowMe|||F|||50|,,,,,Ghost]Hatterene||CovertCloak|MagicBounce|DazzlingGleam,ExpandingForce,TrickRoom,Protect|||F|||50|,,,,,Water]Indeedee-F||SafetyGoggles|PsychicSurge|FollowMe,TrickRoom,HelpingHand,Psychic|||F|||50|,,,,,Water]Ursaluna-Bloodmoon||ThroatSpray|MindsEye|HyperVoice,BloodMoon,Protect,EarthPower|||M|||50|,,,,,Normal\n|showteam|p2|Zacian-Crowned||RustedSword|IntrepidSword|behemothblade,PlayRough,SacredSword,Protect||||||50|,,,,,Fairy]Kyogre||AssaultVest|Drizzle|WaterSpout,OriginPulse,IceBeam,Thunder||||||50|,,,,,Grass]Tornadus||RockyHelmet|Prankster|BleakwindStorm,Tailwind,RainDance,Taunt|||M|||50|,,,,,Dark]Amoonguss||SitrusBerry|Regenerator|PollenPuff,Spore,RagePowder,Protect|||F|||50|,,,,,Steel]Incineroar||SafetyGoggles|Intimidate|KnockOff,FakeOut,FlareBlitz,PartingShot|||F|||50|,,,,,Ghost]Urshifu||FocusSash|UnseenFist|SuckerPunch,WickedBlow,CloseCombat,Detect|||M|||50|,,,,,Normal\n|inactive|Battle timer is ON: inactive players will automatically lose when time's up. (requested by bigj009)\n|inactive|DigitalWolf has 60 seconds left.\n|inactive|DigitalWolf has 30 seconds left.\n|inactive|DigitalWolf has 20 seconds left.\n|inactive|DigitalWolf has 15 seconds left.\n|inactive|DigitalWolf has 10 seconds left.\n|\n|t:|1746078994\n|start\n|switch|p1a: Kyogre|Kyogre, L50|100/100\n|switch|p1b: Smeargle|Smeargle, L50, F|100/100\n|switch|p2a: Kyogre|Kyogre, L50|100/100\n|switch|p2b: Amoonguss|Amoonguss, L50, F|100/100\n|-weather|RainDance|[from] ability: Drizzle|[of] p1a: Kyogre\n|turn|1\n|inactive|DigitalWolf has 30 seconds left.\n|inactive|DigitalWolf has 20 seconds left.\n|inactive|DigitalWolf has 15 seconds left.\n|\n|t:|1746079037\n|-terastallize|p1a: Kyogre|Water\n|move|p1b: Smeargle|Fake Out|p2b: Amoonguss\n|-damage|p2b: Amoonguss|96/100\n|cant|p2b: Amoonguss|flinch\n|move|p1a: Kyogre|Water Spout|p2b: Amoonguss|[spread] p2a,p2b\n|-resisted|p2a: Kyogre\n|-crit|p2a: Kyogre\n|-resisted|p2b: Amoonguss\n|-damage|p2a: Kyogre|60/100\n|-damage|p2b: Amoonguss|39/100\n|-enditem|p2b: Amoonguss|Sitrus Berry|[eat]\n|-heal|p2b: Amoonguss|64/100|[from] item: Sitrus Berry\n|move|p2a: Kyogre|Thunder|p1a: Kyogre\n|-supereffective|p1a: Kyogre\n|-damage|p1a: Kyogre|32/100\n|\n|-weather|RainDance|[upkeep]\n|upkeep\n|turn|2\n|inactive|DigitalWolf has 30 seconds left.\n|inactive|DigitalWolf has 20 seconds left.\n|\n|t:|1746079076\n|switch|p1a: Indeedee|Indeedee-F, L50, F|100/100\n|-fieldstart|move: Psychic Terrain|[from] ability: Psychic Surge|[of] p1a: Indeedee\n|move|p2b: Amoonguss|Rage Powder|p2b: Amoonguss\n|-singleturn|p2b: Amoonguss|move: Rage Powder\n|move|p1b: Smeargle|Spore|p2b: Amoonguss\n|-immune|p2b: Amoonguss\n|move|p2a: Kyogre|Origin Pulse|p1b: Smeargle|[spread] p1a,p1b\n|-damage|p1a: Indeedee|26/100\n|-enditem|p1b: Smeargle|Focus Sash\n|-damage|p1b: Smeargle|1/100\n|\n|-weather|RainDance|[upkeep]\n|upkeep\n|turn|3\n|inactive|DigitalWolf has 30 seconds left.\n|\n|t:|1746079101\n|move|p2b: Amoonguss|Rage Powder|p2b: Amoonguss\n|-singleturn|p2b: Amoonguss|move: Rage Powder\n|move|p1b: Smeargle|Spore|p2b: Amoonguss\n|-immune|p2b: Amoonguss\n|move|p2a: Kyogre|Origin Pulse|p1b: Smeargle|[spread] p1a,p1b\n|-damage|p1a: Indeedee|0 fnt\n|-damage|p1b: Smeargle|0 fnt\n|faint|p1a: Indeedee\n|faint|p1b: Smeargle\n|\n|-weather|RainDance|[upkeep]\n|upkeep\n|\n|t:|1746079108\n|switch|p1b: Kyogre|Kyogre, L50, tera:Water|32/100\n|switch|p1a: Calyrex|Calyrex-Ice, L50|100/100\n|-ability|p1a: Calyrex|As One\n|-ability|p1a: Calyrex|Unnerve\n|turn|4\n|inactive|DigitalWolf has 30 seconds left.\n|inactive|DigitalWolf has 20 seconds left.\n|inactive|DigitalWolf has 15 seconds left.\n|inactive|DigitalWolf has 10 seconds left.\n|inactive|DigitalWolf has 5 seconds left.\n|\n|t:|1746079158\n|-terastallize|p2b: Amoonguss|Steel\n|move|p1b: Kyogre|Ice Beam|p2b: Amoonguss\n|-resisted|p2b: Amoonguss\n|-damage|p2b: Amoonguss|50/100\n|move|p2a: Kyogre|Origin Pulse|p1b: Kyogre|[spread] p1a,p1b\n|-resisted|p1b: Kyogre\n|-damage|p1a: Calyrex|54/100\n|-damage|p1b: Kyogre|6/100\n|move|p2b: Amoonguss|Spore|p1a: Calyrex\n|-status|p1a: Calyrex|slp|[from] move: Spore\n|cant|p1a: Calyrex|slp\n|\n|-weather|RainDance|[upkeep]\n|upkeep\n|turn|5\n|-message|bigj009 forfeited.\n|\n|win|DigitalWolf\n|l|\u2606bigj009\n|player|p1|\n||bigj009 is ready for game 2.\n||DigitalWolf is ready for game 2.\n|uhtml|next|Next: <a href=\"/battle-gen9vgc2025regibo3-2354483371\"><strong>Game 2 of 3</strong></a>\n|l|\u2606DigitalWolf\n|player|p2|\n", "uploadtime": 1746079541, "views": 17, "formatid": "gen9vgc2025regibo3", "rating": null, "private": 0, "password": null}