{"id": "gen9vgc2025regibo3-2353691179", "format": "[Gen 9] VGC 2025 Reg I (Bo3)", "players": ["GlickWithAGlock", "all my fella"], "log": "|j|\u2606GlickWithAGlock\n|j|\u2606all my fella\n|html|<table width=\"100%\"><tr><td align=\"left\">GlickWithAGlock</td><td align=\"right\">all my fella</tr><tr><td align=\"left\"><i class=\"fa fa-circle-o\"></i> <i class=\"fa fa-circle-o\"></i> </td><td align=\"right\"><i class=\"fa fa-circle-o\"></i> <i class=\"fa fa-circle-o\"></i> </tr></table>\n|uhtml|bestof|<h2><strong>Game 1</strong> of <a href=\"/game-bestof3-gen9vgc2025regibo3-2353691178\">a best-of-3</a></h2>\n|t:|1745984179\n|gametype|doubles\n|player|p1|GlickWithAGlock|wattson|1258\n|player|p2|all my fella|policeman-gen4|1372\n|teamsize|p1|6\n|teamsize|p2|6\n|gen|9\n|tier|[Gen 9] VGC 2025 Reg I (Bo3)\n|rated|\n|rule|Species Clause: Limit one of each Pok\u00e9mon\n|rule|Item Clause: Limit 1 of each item\n|clearpoke\n|poke|p1|Urshifu-*, L50, F|\n|poke|p1|Iron Hands, L50|\n|poke|p1|Tornadus, L50, M|\n|poke|p1|Farigiraf, L50, F|\n|poke|p1|Miraidon, L50|\n|poke|p1|Kyogre, L50|\n|poke|p2|Miraidon, L50|\n|poke|p2|Whimsicott, L50, F|\n|poke|p2|Urshifu-*, L50, M|\n|poke|p2|Zamazenta-*, L50|\n|poke|p2|Farigiraf, L50, F|\n|poke|p2|Incineroar, L50, F|\n|teampreview|4\n|showteam|p1|Urshifu-Rapid-Strike||ChoiceScarf|UnseenFist|SurgingStrikes,Uturn,CloseCombat,AquaJet|||F|||50|,,,,,Water]Iron Hands||AssaultVest|QuarkDrive|FakeOut,DrainPunch,LowKick,WildCharge||||||50|,,,,,Water]Tornadus||AbilityShield|Prankster|Tailwind,BleakwindStorm,RainDance,Protect|||M|||50|,,,,,Dark]Farigiraf||ElectricSeed|ArmorTail|Psychic,FoulPlay,HelpingHand,TrickRoom|||F|||50|,,,,,Water]Miraidon||ChoiceSpecs|HadronEngine|VoltSwitch,DazzlingGleam,ElectroDrift,DracoMeteor||||||50|,,,,,Fairy]Kyogre||MysticWater|Drizzle|WaterSpout,OriginPulse,IceBeam,Protect||||||50|,,,,,Grass\n|showteam|p2|Miraidon||ChoiceSpecs|HadronEngine|ElectroDrift,DracoMeteor,VoltSwitch,DazzlingGleam||||||50|,,,,,Electric]Whimsicott||CovertCloak|Prankster|Moonblast,Tailwind,LightScreen,Encore|||F|||50|,,,,,Dark]Urshifu||FocusSash|UnseenFist|Detect,WickedBlow,CloseCombat,SuckerPunch|||M|||50|,,,,,Dark]Zamazenta-Crowned||RustedShield|DauntlessShield|Protect,WideGuard,BodyPress,HeavySlam||||||50|,,,,,Fire]Farigiraf||LifeOrb|ArmorTail|FoulPlay,HyperVoice,ExpandingForce,TrickRoom|||F|||50|,,,,,Water]Incineroar||AssaultVest|Intimidate|FakeOut,Uturn,FlareBlitz,KnockOff|||F|||50|,,,,,Bug\n|inactive|Battle timer is ON: inactive players will automatically lose when time's up. (requested by all my fella)\n|inactive|GlickWithAGlock has 60 seconds left.\n|inactive|all my fella has 60 seconds left.\n|inactive|all my fella has 30 seconds left.\n|inactive|all my fella has 20 seconds left.\n|inactive|all my fella has 15 seconds left.\n|inactive|all my fella has 10 seconds left.\n|inactive|all my fella has 5 seconds left.\n|\n|t:|1745984268\n|start\n|switch|p1a: Urshifu|Urshifu-Rapid-Strike, L50, F|100/100\n|switch|p1b: Miraidon|Miraidon, L50|100/100\n|switch|p2a: Whimsicott|Whimsicott, L50, F|100/100\n|switch|p2b: Miraidon|Miraidon, L50|100/100\n|-fieldstart|move: Electric Terrain|[from] ability: Hadron Engine|[of] p2b: Miraidon\n|-activate|p1b: Miraidon|ability: Hadron Engine\n|turn|1\n|inactive|GlickWithAGlock has 30 seconds left.\n|\n|t:|1745984296\n|switch|p1a: Kyogre|Kyogre, L50, shiny|100/100\n|-weather|RainDance|[from] ability: Drizzle|[of] p1a: Kyogre\n|-terastallize|p1b: Miraidon|Fairy\n|move|p2a: Whimsicott|Tailwind|p2a: Whimsicott\n|-sidestart|p2: all my fella|move: Tailwind\n|move|p2b: Miraidon|Volt Switch|p1b: Miraidon\n|-damage|p1b: Miraidon|21/100\n|\n|t:|1745984304\n|switch|p2b: Urshifu|Urshifu, L50, M|100/100|[from] Volt Switch\n|move|p1b: Miraidon|Dazzling Gleam|p2a: Whimsicott|[spread] p2a,p2b\n|-supereffective|p2b: Urshifu\n|-damage|p2a: Whimsicott|24/100\n|-enditem|p2b: Urshifu|Focus Sash\n|-damage|p2b: Urshifu|1/100\n|\n|-weather|RainDance|[upkeep]\n|upkeep\n|turn|2\n|\n|t:|1745984322\n|-terastallize|p2b: Urshifu|Dark\n|move|p2a: Whimsicott|Moonblast|p1a: Kyogre\n|-damage|p1a: Kyogre|80/100\n|move|p2b: Urshifu|Wicked Blow|p1a: Kyogre\n|-crit|p1a: Kyogre\n|-damage|p1a: Kyogre|0 fnt\n|faint|p1a: Kyogre\n|move|p1b: Miraidon|Dazzling Gleam|p2a: Whimsicott|[spread] p2a,p2b\n|-supereffective|p2b: Urshifu\n|-damage|p2a: Whimsicott|0 fnt\n|-damage|p2b: Urshifu|0 fnt\n|faint|p2a: Whimsicott\n|faint|p2b: Urshifu\n|\n|-weather|RainDance|[upkeep]\n|upkeep\n|\n|t:|1745984337\n|switch|p2a: Miraidon|Miraidon, L50|100/100\n|switch|p2b: Zamazenta|Zamazenta-Crowned, L50|100/100\n|switch|p1a: Farigiraf|Farigiraf, L50, F|100/100\n|-activate|p2a: Miraidon|ability: Hadron Engine\n|-ability|p2b: Zamazenta|Dauntless Shield|boost\n|-boost|p2b: Zamazenta|def|1\n|-enditem|p1a: Farigiraf|Electric Seed\n|-boost|p1a: Farigiraf|def|1|[from] item: Electric Seed\n|turn|3\n|\n|t:|1745984349\n|move|p2a: Miraidon|Dazzling Gleam|p1a: Farigiraf|[spread] p1a,p1b\n|-damage|p1a: Farigiraf|67/100\n|-damage|p1b: Miraidon|0 fnt\n|faint|p1b: Miraidon\n|move|p2b: Zamazenta|Body Press|p1a: Farigiraf\n|-damage|p1a: Farigiraf|20/100\n|move|p1a: Farigiraf|Trick Room|p1a: Farigiraf\n|-fieldstart|move: Trick Room|[of] p1a: Farigiraf\n|\n|-weather|RainDance|[upkeep]\n|upkeep\n|\n|t:|1745984356\n|switch|p1b: Urshifu|Urshifu-Rapid-Strike, L50, F|100/100\n|turn|4\n|\n|t:|1745984370\n|move|p1a: Farigiraf|Helping Hand|p1b: Urshifu\n|-singleturn|p1b: Urshifu|Helping Hand|[of] p1a: Farigiraf\n|move|p1b: Urshifu|Surging Strikes|p2b: Zamazenta\n|-crit|p2b: Zamazenta\n|-damage|p2b: Zamazenta|74/100\n|-crit|p2b: Zamazenta\n|-damage|p2b: Zamazenta|49/100\n|-crit|p2b: Zamazenta\n|-damage|p2b: Zamazenta|22/100\n|-hitcount|p2b: Zamazenta|3\n|move|p2b: Zamazenta|Body Press|p1b: Urshifu\n|-damage|p1b: Urshifu|25/100\n|move|p2a: Miraidon|Dazzling Gleam|p1b: Urshifu|[spread] p1a,p1b\n|-supereffective|p1b: Urshifu\n|-damage|p1a: Farigiraf|0 fnt\n|-damage|p1b: Urshifu|0 fnt\n|faint|p1a: Farigiraf\n|faint|p1b: Urshifu\n|\n|win|all my fella\n||GlickWithAGlock is ready for game 2.\n|inactive|all my fella has 30 seconds to confirm battle start!\n|l|\u2606all my fella\n|player|p2|\n||all my fella is ready for game 2.\n|uhtml|next|Next: <a href=\"/battle-gen9vgc2025regibo3-2353692736\"><strong>Game 2 of 3</strong></a>\n", "uploadtime": 1745984376, "views": 6, "formatid": "gen9vgc2025regibo3", "rating": null, "private": 0, "password": null}