{"id": "gen9vgc2025regibo3-2354108331", "format": "[Gen 9] VGC 2025 Reg I (Bo3)", "players": ["jholloway1993", "nerderer"], "log": "|j|\u2606jholloway1993\n|j|\u2606nerderer\n|html|<table width=\"100%\"><tr><td align=\"left\">jholloway1993</td><td align=\"right\">nerderer</tr><tr><td align=\"left\"><i class=\"fa fa-circle-o\"></i> <i class=\"fa fa-circle-o\"></i> </td><td align=\"right\"><i class=\"fa fa-circle-o\"></i> <i class=\"fa fa-circle-o\"></i> </tr></table>\n|uhtml|bestof|<h2><strong>Game 1</strong> of <a href=\"/game-bestof3-gen9vgc2025regibo3-2354108330\">a best-of-3</a></h2>\n|t:|1746035550\n|gametype|doubles\n|player|p1|jholloway1993|102|1046\n|player|p2|nerderer|scientist-gen4dp|1036\n|teamsize|p1|6\n|teamsize|p2|6\n|gen|9\n|tier|[Gen 9] VGC 2025 Reg I (Bo3)\n|rated|\n|rule|Species Clause: Limit one of each Pok\u00e9mon\n|rule|Item Clause: Limit 1 of each item\n|clearpoke\n|poke|p1|Koraidon, L50|\n|poke|p1|Calyrex-Shadow, L50|\n|poke|p1|Incineroar, L50, M|\n|poke|p1|Whimsicott, L50, F|\n|poke|p1|Walking Wake, L50|\n|poke|p1|Bronzong, L50|\n|poke|p2|Tornadus, L50, M|\n|poke|p2|Urshifu-*, L50, M|\n|poke|p2|Koraidon, L50|\n|poke|p2|Walking Wake, L50|\n|poke|p2|Raging Bolt, L50|\n|poke|p2|Sinistcha-Masterpiece, L50|\n|teampreview|4\n|showteam|p1|Koraidon||LifeOrb|OrichalcumPulse|Protect,FlameCharge,FlareBlitz,CollisionCourse||||||50|,,,,,Fire]Calyrex-Shadow||FocusSash|AsOneSpectrier|Protect,AstralBarrage,Psyshock,NastyPlot||||||50|,,,,,Water]Incineroar||SafetyGoggles|Intimidate|FakeOut,KnockOff,PartingShot,FlareBlitz|||M|||50|,,,,,Dragon]Whimsicott||CovertCloak|Prankster|SunnyDay,Tailwind,Encore,Moonblast|||F|||50|,,,,,Steel]Walking Wake||AssaultVest|Protosynthesis|Snarl,WeatherBall,HydroSteam,FlipTurn||||||50|,,,,,Water]Bronzong||Leftovers|Levitate|TrickRoom,IronDefense,GyroBall,BodyPress||||||50|,,,,,Fairy\n|showteam|p2|Tornadus||CovertCloak|Prankster|BleakwindStorm,Protect,Tailwind,SunnyDay|||M|||50|,,,,,Steel]Urshifu||ChoiceBand|UnseenFist|CloseCombat,IcePunch,WickedBlow,Facade|||M|||50|,,,,,Dark]Koraidon||HeatRock|OrichalcumPulse|CollisionCourse,FireFang,DragonClaw,Protect||||||50|,,,,,Fire]Walking Wake||LifeOrb|Protosynthesis|DracoMeteor,Flamethrower,HydroSteam,Protect||||||50|,,,,,Fairy]Raging Bolt||QuickClaw|Protosynthesis|Thunderclap,CalmMind,DracoMeteor,Electroweb||||||50|,,,,,Electric]Sinistcha-Masterpiece||Leftovers|Hospitality|SolarBeam,RagePowder,MatchaGotcha,TrickRoom||||||50|,,,,,Grass\n|\n|t:|1746035582\n|start\n|switch|p1a: Whimsicott|Whimsicott, L50, F|100/100\n|switch|p1b: Koraidon|Koraidon, L50|100/100\n|switch|p2a: fast and|Tornadus, L50, M, shiny|100/100\n|switch|p2b: furios|Urshifu, L50, M|100/100\n|-weather|SunnyDay|[from] ability: Orichalcum Pulse|[of] p1b: Koraidon\n|-activate|p1b: Koraidon|Orichalcum Pulse|[source]\n|turn|1\n|\n|t:|1746035621\n|move|p2a: fast and|Tailwind|p2a: fast and\n|-sidestart|p2: nerderer|move: Tailwind\n|move|p2b: furios|Ice Punch|p1b: Koraidon\n|-supereffective|p1b: Koraidon\n|-damage|p1b: Koraidon|32/100\n|move|p1b: Koraidon|Flame Charge|p2a: fast and\n|-damage|p2a: fast and|56/100\n|-boost|p1b: Koraidon|spe|1\n|-damage|p1b: Koraidon|22/100|[from] item: Life Orb\n|move|p1a: Whimsicott|Moonblast|p2b: furios\n|-supereffective|p2b: furios\n|-damage|p2b: furios|0 fnt\n|faint|p2b: furios\n|\n|-weather|SunnyDay|[upkeep]\n|upkeep\n|\n|t:|1746035642\n|switch|p2b: electorofue|Raging Bolt, L50|100/100\n|-activate|p2b: electorofue|ability: Protosynthesis\n|-start|p2b: electorofue|protosynthesisspa\n|turn|2\n|\n|t:|1746035656\n|move|p1a: Whimsicott|Tailwind|p1a: Whimsicott\n|-sidestart|p1: jholloway1993|move: Tailwind\n|move|p1b: Koraidon|Collision Course|p2b: electorofue\n|-damage|p2b: electorofue|27/100\n|-damage|p1b: Koraidon|12/100|[from] item: Life Orb\n|move|p2a: fast and|Bleakwind Storm|p1a: Whimsicott|[spread] p1a,p1b\n|-supereffective|p1a: Whimsicott\n|-supereffective|p1b: Koraidon\n|-damage|p1a: Whimsicott|18/100\n|-damage|p1b: Koraidon|0 fnt\n|faint|p1b: Koraidon\n|move|p2b: electorofue|Draco Meteor|p1a: Whimsicott\n|-immune|p1a: Whimsicott\n|\n|-weather|SunnyDay|[upkeep]\n|upkeep\n|\n|t:|1746035671\n|switch|p1b: Calyrex|Calyrex-Shadow, L50|100/100\n|-ability|p1b: Calyrex|As One\n|-ability|p1b: Calyrex|Unnerve\n|turn|3\n|\n|t:|1746035712\n|move|p1b: Calyrex|Astral Barrage|p2a: fast and|[spread] p2a,p2b\n|-damage|p2a: fast and|0 fnt\n|-damage|p2b: electorofue|0 fnt\n|faint|p2a: fast and\n|faint|p2b: electorofue\n|-end|p2b: electorofue|Protosynthesis|[silent]\n|-ability|p1b: Calyrex|Grim Neigh|boost\n|-boost|p1b: Calyrex|spa|2\n|move|p1a: Whimsicott|Moonblast|p2: fast and|[notarget]\n|-fail|p1a: Whimsicott\n|\n|-weather|SunnyDay|[upkeep]\n|upkeep\n|j| angelicangel12\n|l| angelicangel12\n|\n|t:|1746035727\n|switch|p2b: wet water|Walking Wake, L50|100/100\n|-activate|p2b: wet water|ability: Protosynthesis\n|-start|p2b: wet water|protosynthesisspa\n|turn|4\n|\n|t:|1746035737\n|-terastallize|p2b: wet water|Fairy\n|move|p1b: Calyrex|Astral Barrage|p2b: wet water\n|-damage|p2b: wet water|0 fnt\n|faint|p2b: wet water\n|-end|p2b: wet water|Protosynthesis|[silent]\n|\n|win|jholloway1993\n||jholloway1993 is ready for game 2.\n|inactive|nerderer has 30 seconds to confirm battle start!\n|l|\u2606nerderer\n|player|p2|\n|inactive|nerderer has 20 seconds to confirm battle start!\n|inactive|nerderer has 10 seconds to confirm battle start!\n|uhtml|next|Next: <a href=\"/battle-gen9vgc2025regibo3-2354110959\"><strong>Game 2 of 3</strong></a>\n", "uploadtime": 1746036044, "views": 6, "formatid": "gen9vgc2025regibo3", "rating": null, "private": 0, "password": null}