{"id": "gen9vgc2025regibo3-2354051465", "format": "[Gen 9] VGC 2025 Reg I (Bo3)", "players": ["Zady11", "Hyperbeeen"], "log": "|j|\u2606Zady11\n|j|\u2606Hyperbeeen\n|html|<table width=\"100%\"><tr><td align=\"left\">Zady11</td><td align=\"right\">Hyperbeeen</tr><tr><td align=\"left\"><i class=\"fa fa-circle-o\"></i> <i class=\"fa fa-circle-o\"></i> </td><td align=\"right\"><i class=\"fa fa-circle-o\"></i> <i class=\"fa fa-circle-o\"></i> </tr></table>\n|uhtml|bestof|<h2><strong>Game 1</strong> of <a href=\"/game-bestof3-gen9vgc2025regibo3-2354051461\">a best-of-3</a></h2>\n|t:|1746030701\n|gametype|doubles\n|player|p1|Zady11|petrel|1129\n|player|p2|Hyperbeeen|1|1157\n|teamsize|p1|6\n|teamsize|p2|6\n|gen|9\n|tier|[Gen 9] VGC 2025 Reg I (Bo3)\n|rated|\n|rule|Species Clause: Limit one of each Pok\u00e9mon\n|rule|Item Clause: Limit 1 of each item\n|clearpoke\n|poke|p1|Calyrex-Shadow, L50|\n|poke|p1|Miraidon, L50|\n|poke|p1|Indeedee-F, L50, F|\n|poke|p1|Iron Hands, L50|\n|poke|p1|Roaring Moon, L50|\n|poke|p1|Urshifu-*, L50, M|\n|poke|p2|Hitmonchan, L50, M|\n|poke|p2|Whimsicott, L50, F|\n|poke|p2|Calyrex-Shadow, L50|\n|poke|p2|Chien-Pao, L50|\n|poke|p2|Miraidon, L50|\n|poke|p2|Flutter Mane, L50|\n|teampreview|4\n|showteam|p1|Calyrex-Shadow||SpellTag|AsOneSpectrier|AstralBarrage,ExpandingForce,NastyPlot,Protect||||||50|,,,,,Dark]Miraidon||ChoiceSpecs|HadronEngine|ElectroDrift,DracoMeteor,DazzlingGleam,VoltSwitch||||||50|,,,,,Fairy]Indeedee-F||RockyHelmet|PsychicSurge|FollowMe,Psychic,HelpingHand,TrickRoom|||F|||50|,,,,,Water]Iron Hands||AssaultVest|QuarkDrive|FakeOut,DrainPunch,LowKick,HeavySlam||||||50|,,,,,Water]Roaring Moon||BoosterEnergy|Protosynthesis|Acrobatics,KnockOff,Tailwind,Protect||||||50|,,,,,Flying]Urshifu-Rapid-Strike||LifeOrb|UnseenFist|SurgingStrikes,CloseCombat,AquaJet,Detect|||M|||50|,,,,,Grass\n|showteam|p2|Hitmonchan||PunchingGlove|InnerFocus|BulletPunch,MachPunch,CloseCombat,Detect|||M|||50|,,,,,Fighting]Whimsicott||CovertCloak|Prankster|Tailwind,Encore,Moonblast,Protect|||F|||50|,,,,,Fairy]Calyrex-Shadow||FocusSash|AsOneSpectrier|AstralBarrage,ShadowBall,Psychic,Protect||||||50|,,,,,Ghost]Chien-Pao||AssaultVest|SwordofRuin|IceSpinner,SacredSword,ThroatChop,SuckerPunch||||||50|,,,,,Fighting]Miraidon||LifeOrb|HadronEngine|Protect,Overheat,PowerGem,ElectroDrift||||||50|,,,,,Fire]Flutter Mane||BoosterEnergy|Protosynthesis|Moonblast,ShadowBall,PerishSong,Protect||||||50|,,,,,Ghost\n|inactive|Battle timer is ON: inactive players will automatically lose when time's up. (requested by Zady11)\n|\n|t:|1746030771\n|start\n|switch|p1a: Miraidon|Miraidon, L50|100/100\n|switch|p1b: Calyrex|Calyrex-Shadow, L50|100/100\n|switch|p2a: Whimsicott|Whimsicott, L50, F, shiny|100/100\n|switch|p2b: Flutter Mane|Flutter Mane, L50|100/100\n|-ability|p1b: Calyrex|As One\n|-ability|p1b: Calyrex|Unnerve\n|-fieldstart|move: Electric Terrain|[from] ability: Hadron Engine|[of] p1a: Miraidon\n|-enditem|p2b: Flutter Mane|Booster Energy\n|-activate|p2b: Flutter Mane|ability: Protosynthesis|[fromitem]\n|-start|p2b: Flutter Mane|protosynthesisspe\n|turn|1\n|inactive|Zady11 has 30 seconds left.\n|inactive|Hyperbeeen has 30 seconds left.\n|inactive|Hyperbeeen has 20 seconds left.\n|\n|t:|1746030806\n|-terastallize|p1b: Calyrex|Dark\n|move|p2a: Whimsicott|Tailwind|p2a: Whimsicott\n|-sidestart|p2: Hyperbeeen|move: Tailwind\n|move|p2b: Flutter Mane|Moonblast|p1a: Miraidon\n|-supereffective|p1a: Miraidon\n|-crit|p1a: Miraidon\n|-damage|p1a: Miraidon|0 fnt\n|faint|p1a: Miraidon\n|move|p1b: Calyrex|Astral Barrage|p2b: Flutter Mane|[spread] p2a,p2b\n|-supereffective|p2b: Flutter Mane\n|-damage|p2a: Whimsicott|0 fnt\n|-damage|p2b: Flutter Mane|0 fnt\n|faint|p2a: Whimsicott\n|faint|p2b: Flutter Mane\n|-end|p2b: Flutter Mane|Protosynthesis|[silent]\n|-ability|p1b: Calyrex|Grim Neigh|boost\n|-boost|p1b: Calyrex|spa|2\n|\n|upkeep\n|\n|t:|1746030820\n|switch|p1a: Indeedee|Indeedee-F, L50, F|100/100\n|switch|p2b: Calyrex|Calyrex-Shadow, L50|100/100\n|switch|p2a: Miraidon|Miraidon, L50|100/100\n|-ability|p2b: Calyrex|As One\n|-ability|p2b: Calyrex|Unnerve\n|-activate|p2a: Miraidon|ability: Hadron Engine\n|-fieldstart|move: Psychic Terrain|[from] ability: Psychic Surge|[of] p1a: Indeedee\n|turn|2\n|inactive|Zady11 has 30 seconds left.\n|inactive|Hyperbeeen has 30 seconds left.\n|\n|t:|1746030852\n|move|p2b: Calyrex|Psychic|p1a: Indeedee\n|-resisted|p1a: Indeedee\n|-damage|p1a: Indeedee|67/100\n|move|p2a: Miraidon|Electro Drift|p1a: Indeedee\n|-damage|p1a: Indeedee|5/100\n|-damage|p2a: Miraidon|84/100|[from] item: Rocky Helmet|[of] p1a: Indeedee\n|-damage|p2a: Miraidon|74/100|[from] item: Life Orb\n|move|p1b: Calyrex|Astral Barrage|p2a: Miraidon|[spread] p2a,p2b\n|-supereffective|p2b: Calyrex\n|-damage|p2a: Miraidon|0 fnt\n|-enditem|p2b: Calyrex|Focus Sash\n|-damage|p2b: Calyrex|1/100\n|faint|p2a: Miraidon\n|-ability|p1b: Calyrex|Grim Neigh|boost\n|-boost|p1b: Calyrex|spa|1\n|move|p1a: Indeedee|Trick Room|p1a: Indeedee\n|-fieldstart|move: Trick Room|[of] p1a: Indeedee\n|\n|upkeep\n|turn|3\n|\n|t:|1746030873\n|move|p1a: Indeedee|Psychic|p2b: Calyrex\n|-resisted|p2b: Calyrex\n|-damage|p2b: Calyrex|0 fnt\n|faint|p2b: Calyrex\n|\n|win|Zady11\n||Zady11 is ready for game 2.\n||Hyperbeeen is ready for game 2.\n|uhtml|next|Next: <a href=\"/battle-gen9vgc2025regibo3-2354053546\"><strong>Game 2 of 3</strong></a>\n|l|\u2606Zady11\n|player|p1|\n|l|\u2606Hyperbeeen\n|player|p2|\n", "uploadtime": 1746031188, "views": 10, "formatid": "gen9vgc2025regibo3", "rating": null, "private": 0, "password": null}