{"id": "gen9vgc2025regibo3-2353735821", "format": "[Gen 9] VGC 2025 Reg I (Bo3)", "players": ["itsgentlecrab", "jeplan"], "log": "|j|\u2606itsgentlecrab\n|j|\u2606jeplan\n|html|<table width=\"100%\"><tr><td align=\"left\">itsgentlecrab</td><td align=\"right\">jeplan</tr><tr><td align=\"left\"><i class=\"fa fa-circle\"></i> <i class=\"fa fa-circle-o\"></i> </td><td align=\"right\"><i class=\"fa fa-circle-o\"></i> <i class=\"fa fa-circle\"></i> </tr></table>\n|uhtml|bestof|<h2><strong>Game 3</strong> of <a href=\"/game-bestof3-gen9vgc2025regibo3-2353731416\">a best-of-3</a></h2>\n|t:|1745991020\n|gametype|doubles\n|player|p1|itsgentlecrab|mina-lgpe|1019\n|player|p2|jeplan|102|1060\n|teamsize|p1|6\n|teamsize|p2|6\n|gen|9\n|tier|[Gen 9] VGC 2025 Reg I (Bo3)\n|rated|\n|rule|Species Clause: Limit one of each Pok\u00e9mon\n|rule|Item Clause: Limit 1 of each item\n|clearpoke\n|poke|p1|Miraidon, L50|\n|poke|p1|Necrozma-Dusk-Mane, L50|\n|poke|p1|Iron Hands, L50|\n|poke|p1|Chien-Pao, L50|\n|poke|p1|Whimsicott, L50, M|\n|poke|p1|Araquanid, L50, M|\n|poke|p2|Calyrex-Shadow, L50|\n|poke|p2|Koraidon, L50|\n|poke|p2|Grimmsnarl, L50, M|\n|poke|p2|Chi-Yu, L50|\n|poke|p2|Tornadus, L50, M|\n|poke|p2|Ursaluna, L50, M|\n|teampreview|4\n|showteam|p1|Miraidon||ChoiceSpecs|HadronEngine|ElectroDrift,VoltSwitch,DracoMeteor,DazzlingGleam||||||50|,,,,,Fairy]Necrozma-Dusk-Mane||ClearAmulet|PrismArmor|SunsteelStrike,PhotonGeyser,TrickRoom,Protect||||||50|,,,,,Dark]Iron Hands||ElectricSeed|QuarkDrive|BodyPress,FakeOut,DrainPunch,WildCharge||||||50|,,,,,Bug]Chien-Pao||FocusSash|SwordofRuin|IcicleCrash,Protect,ThroatChop,SuckerPunch||||||50|,,,,,Ghost]Whimsicott||CovertCloak|Prankster|Tailwind,Encore,Moonblast,LightScreen|||M|||50|,,,,,Dark]Araquanid||Leftovers|WaterBubble|WideGuard,Liquidation,Protect,Infestation|||M|||50|,,,,,Steel\n|showteam|p2|Calyrex-Shadow||FocusSash|AsOneSpectrier|NastyPlot,AstralBarrage,Protect,DrainingKiss||||||50|,,,,,Grass]Koraidon||LifeOrb|OrichalcumPulse|CloseCombat,FlareBlitz,FlameCharge,Protect||||||50|,,,,,Fire]Grimmsnarl||LightClay|Prankster|Reflect,LightScreen,ThunderWave,SpiritBreak|||M|||50|,,,,,Steel]Chi-Yu||ChoiceScarf|BeadsofRuin|Overheat,HeatWave,DarkPulse,Psychic||||||50|,,,,,Fire]Tornadus||CovertCloak|Prankster|Tailwind,Protect,BleakwindStorm,Taunt|||M|||50|,,,,,Dark]Ursaluna||FlameOrb|Guts|Protect,HeadlongRush,Facade,Crunch|||M|||50|,,,,,Normal\n|inactive|Battle timer is ON: inactive players will automatically lose when time's up. (requested by jeplan)\n|\n|t:|1745991136\n|start\n|switch|p1a: Necrozma|Necrozma-Dusk-Mane, L50|100/100\n|switch|p1b: Whimsicott|Whimsicott, L50, M|100/100\n|switch|p2a: Ursaluna|Ursaluna, L50, M|100/100\n|switch|p2b: Tornadus|Tornadus, L50, M|100/100\n|turn|1\n|inactive|itsgentlecrab has 30 seconds left.\n|inactive|itsgentlecrab has 20 seconds left.\n|inactive|jeplan has 30 seconds left.\n|inactive|itsgentlecrab has 15 seconds left.\n|inactive|jeplan has 20 seconds left.\n|inactive|jeplan has 15 seconds left.\n|\n|t:|1745991186\n|-terastallize|p1a: Necrozma|Dark\n|move|p1b: Whimsicott|Moonblast|p2a: Ursaluna\n|-damage|p2a: Ursaluna|77/100\n|-unboost|p2a: Ursaluna|spa|1\n|move|p2b: Tornadus|Bleakwind Storm|p1b: Whimsicott|[spread] p1a,p1b\n|-supereffective|p1b: Whimsicott\n|-damage|p1a: Necrozma|76/100\n|-damage|p1b: Whimsicott|30/100\n|move|p2a: Ursaluna|Crunch|p1a: Necrozma\n|-resisted|p1a: Necrozma\n|-damage|p1a: Necrozma|66/100\n|move|p1a: Necrozma|Trick Room|p1a: Necrozma\n|-fieldstart|move: Trick Room|[of] p1a: Necrozma\n|\n|-status|p2a: Ursaluna|brn|[from] item: Flame Orb\n|upkeep\n|turn|2\n|inactive|itsgentlecrab has 30 seconds left.\n|inactive|jeplan has 30 seconds left.\n|\n|t:|1745991212\n|move|p1b: Whimsicott|Encore|p2a: Ursaluna\n|-start|p2a: Ursaluna|Encore\n|move|p2a: Ursaluna|Crunch|p1a: Necrozma\n|-resisted|p1a: Necrozma\n|-damage|p1a: Necrozma|49/100\n|move|p1a: Necrozma|Photon Geyser|p2b: Tornadus\n|-damage|p2b: Tornadus|30/100\n|move|p2b: Tornadus|Bleakwind Storm|p1b: Whimsicott|[spread] p1a,p1b\n|-supereffective|p1b: Whimsicott\n|-damage|p1a: Necrozma|22/100\n|-damage|p1b: Whimsicott|0 fnt\n|faint|p1b: Whimsicott\n|\n|-damage|p2a: Ursaluna|71/100 brn|[from] brn\n|upkeep\n|\n|t:|1745991223\n|switch|p1b: Araquanid|Araquanid, L50, M|100/100\n|turn|3\n|inactive|itsgentlecrab has 30 seconds left.\n|inactive|itsgentlecrab has 20 seconds left.\n|inactive|jeplan has 30 seconds left.\n|\n|t:|1745991266\n|-terastallize|p2a: Ursaluna|Normal\n|move|p1b: Araquanid|Liquidation|p2a: Ursaluna\n|-damage|p2a: Ursaluna|29/100 brn\n|move|p2a: Ursaluna|Crunch|p1a: Necrozma\n|-resisted|p1a: Necrozma\n|-damage|p1a: Necrozma|4/100\n|move|p1a: Necrozma|Sunsteel Strike|p2b: Tornadus\n|-damage|p2b: Tornadus|0 fnt\n|faint|p2b: Tornadus\n|\n|-damage|p2a: Ursaluna|23/100 brn|[from] brn\n|upkeep\n|\n|t:|1745991283\n|switch|p2b: Calyrex|Calyrex-Shadow, L50|100/100\n|-ability|p2b: Calyrex|As One\n|-ability|p2b: Calyrex|Unnerve\n|turn|4\n|inactive|itsgentlecrab has 30 seconds left.\n|\n|t:|1745991314\n|switch|p2a: Koraidon|Koraidon, L50|100/100\n|-weather|SunnyDay|[from] ability: Orichalcum Pulse|[of] p2a: Koraidon\n|-activate|p2a: Koraidon|Orichalcum Pulse|[source]\n|move|p1b: Araquanid|Liquidation|p2a: Koraidon\n|-resisted|p2a: Koraidon\n|-damage|p2a: Koraidon|91/100\n|move|p1a: Necrozma|Sunsteel Strike|p2b: Calyrex\n|-damage|p2b: Calyrex|18/100\n|move|p2b: Calyrex|Nasty Plot|p2b: Calyrex\n|-boost|p2b: Calyrex|spa|2\n|\n|-weather|SunnyDay|[upkeep]\n|upkeep\n|turn|5\n|\n|t:|1745991338\n|move|p2a: Koraidon|Protect|p2a: Koraidon\n|-singleturn|p2a: Koraidon|Protect\n|move|p2b: Calyrex|Protect|p2b: Calyrex\n|-singleturn|p2b: Calyrex|Protect\n|move|p1b: Araquanid|Liquidation|p2b: Calyrex\n|-activate|p2b: Calyrex|move: Protect\n|move|p1a: Necrozma|Photon Geyser|p2a: Koraidon\n|-activate|p2a: Koraidon|move: Protect\n|\n|-weather|SunnyDay|[upkeep]\n|-fieldend|move: Trick Room\n|upkeep\n|turn|6\n|inactive|itsgentlecrab has 30 seconds left.\n|inactive|jeplan has 30 seconds left.\n|\n|t:|1745991369\n|move|p1b: Araquanid|Wide Guard|p1b: Araquanid\n|-singleturn|p1b: Araquanid|Wide Guard\n|move|p2b: Calyrex|Astral Barrage|p1a: Necrozma|[spread] \n|-activate|p1a: Necrozma|move: Wide Guard\n|-activate|p1b: Araquanid|move: Wide Guard\n|move|p2a: Koraidon|Flare Blitz|p1b: Araquanid\n|-damage|p1b: Araquanid|50/100\n|-damage|p2a: Koraidon|74/100|[from] Recoil\n|-damage|p2a: Koraidon|65/100|[from] item: Life Orb\n|move|p1a: Necrozma|Trick Room|p1a: Necrozma\n|-fieldstart|move: Trick Room|[of] p1a: Necrozma\n|\n|-weather|SunnyDay|[upkeep]\n|-heal|p1b: Araquanid|56/100|[from] item: Leftovers\n|upkeep\n|turn|7\n|-message|jeplan forfeited.\n|raw|itsgentlecrab's rating: 1019 &rarr; <strong>1061</strong><br />(+42 for winning)\n|raw|jeplan's rating: 1060 &rarr; <strong>1039</strong><br />(-21 for losing)\n|\n|win|itsgentlecrab\n|l|\u2606jeplan\n|player|p2|\n", "uploadtime": 1745991396, "views": 27, "formatid": "gen9vgc2025regibo3", "rating": 1039, "private": 0, "password": null}