{"id": "gen9vgc2025regibo3-2354859905", "format": "[Gen 9] VGC 2025 Reg I (Bo3)", "players": ["OrionSeas", "soideshowbob"], "log": "|j|\u2606OrionSeas\n|j|\u2606soideshowbob\n|html|<table width=\"100%\"><tr><td align=\"left\">OrionSeas</td><td align=\"right\">soideshowbob</tr><tr><td align=\"left\"><i class=\"fa fa-circle-o\"></i> <i class=\"fa fa-circle-o\"></i> </td><td align=\"right\"><i class=\"fa fa-circle-o\"></i> <i class=\"fa fa-circle-o\"></i> </tr></table>\n|uhtml|bestof|<h2><strong>Game 1</strong> of <a href=\"/game-bestof3-gen9vgc2025regibo3-2354859904\">a best-of-3</a></h2>\n|t:|1746126055\n|gametype|doubles\n|player|p1|OrionSeas|266|1274\n|player|p2|soideshowbob|pokemonrangerf|1331\n|teamsize|p1|6\n|teamsize|p2|6\n|gen|9\n|tier|[Gen 9] VGC 2025 Reg I (Bo3)\n|rated|\n|rule|Species Clause: Limit one of each Pok\u00e9mon\n|rule|Item Clause: Limit 1 of each item\n|clearpoke\n|poke|p1|Miraidon, L50|\n|poke|p1|Kyogre, L50|\n|poke|p1|Iron Hands, L50|\n|poke|p1|Tornadus, L50, M|\n|poke|p1|Iron Bundle, L50|\n|poke|p1|Farigiraf, L50, F|\n|poke|p2|Koraidon, L50|\n|poke|p2|Lunala, L50|\n|poke|p2|Ursaluna, L50, M|\n|poke|p2|Brute Bonnet, L50|\n|poke|p2|Iron Crown, L50|\n|poke|p2|Indeedee-F, L50, F|\n|teampreview|4\n|showteam|p1|Miraidon||ChoiceSpecs|HadronEngine|VoltSwitch,ElectroDrift,DazzlingGleam,DracoMeteor||||||50|,,,,,Fairy]Kyogre||ChoiceScarf|Drizzle|HydroPump,WaterSpout,IceBeam,OriginPulse||||||50|,,,,,Ghost]Iron Hands||AssaultVest|QuarkDrive|LowKick,FakeOut,DrainPunch,HeavySlam||||||50|,,,,,Grass]Tornadus||CovertCloak|Prankster|BleakwindStorm,Tailwind,Taunt,RainDance|||M|||50|,,,,,Dark]Iron Bundle||FocusSash|QuarkDrive|Protect,Encore,FreezeDry,HydroPump||||||50|,,,,,Stellar]Farigiraf||ElectricSeed|ArmorTail|HelpingHand,TrickRoom,FoulPlay,DazzlingGleam|||F|||50|,,,,,Fairy\n|showteam|p2|Koraidon||LifeOrb|OrichalcumPulse|FlareBlitz,CloseCombat,FlameCharge,Protect||||||50|,,,,,Fire]Lunala||PowerHerb|ShadowShield|MeteorBeam,WideGuard,TrickRoom,MoongeistBeam||||||50|,,,,,Water]Ursaluna||FlameOrb|Guts|Facade,Earthquake,HeadlongRush,Protect|||M|||50|,,,,,Ghost]Brute Bonnet||CovertCloak|Protosynthesis|Spore,SeedBomb,SuckerPunch,RagePowder||||||50|,,,,,Water]Iron Crown||BoosterEnergy|QuarkDrive|ExpandingForce,TachyonCutter,CalmMind,Protect||||||50|,,,,,Normal]Indeedee-F||SafetyGoggles|PsychicSurge|HelpingHand,TrickRoom,Psychic,FollowMe|||F|||50|,,,,,Fairy\n|inactive|Battle timer is ON: inactive players will automatically lose when time's up. (requested by OrionSeas)\n|inactive|OrionSeas has 60 seconds left.\n|inactive|soideshowbob has 60 seconds left.\n|inactive|OrionSeas has 30 seconds left.\n|inactive|OrionSeas has 20 seconds left.\n|inactive|OrionSeas has 15 seconds left.\n|inactive|OrionSeas has 10 seconds left.\n|inactive|OrionSeas has 5 seconds left.\n|\n|t:|1746126141\n|start\n|switch|p1a: Kyogre|Kyogre, L50|100/100\n|switch|p1b: Iron Bundle|Iron Bundle, L50|100/100\n|switch|p2a: HAUNTS YOU|Lunala, L50|100/100\n|switch|p2b: THE MOON|Ursaluna, L50, M|100/100\n|-weather|RainDance|[from] ability: Drizzle|[of] p1a: Kyogre\n|turn|1\n|inactive|OrionSeas has 30 seconds left.\n|\n|t:|1746126167\n|-terastallize|p2a: HAUNTS YOU|Water\n|move|p2b: THE MOON|Protect|p2b: THE MOON\n|-singleturn|p2b: THE MOON|Protect\n|move|p1a: Kyogre|Hydro Pump|p2a: HAUNTS YOU\n|-resisted|p2a: HAUNTS YOU\n|-damage|p2a: HAUNTS YOU|85/100\n|move|p1b: Iron Bundle|Freeze-Dry|p2a: HAUNTS YOU\n|-supereffective|p2a: HAUNTS YOU\n|-damage|p2a: HAUNTS YOU|37/100\n|move|p2a: HAUNTS YOU|Trick Room|p2a: HAUNTS YOU\n|-fieldstart|move: Trick Room|[of] p2a: HAUNTS YOU\n|\n|-weather|RainDance|[upkeep]\n|-status|p2b: THE MOON|brn|[from] item: Flame Orb\n|upkeep\n|turn|2\n|inactive|OrionSeas has 30 seconds left.\n|inactive|soideshowbob has 30 seconds left.\n|inactive|soideshowbob has 20 seconds left.\n|\n|t:|1746126203\n|move|p2b: THE MOON|Earthquake|p1b: Iron Bundle|[spread] p2a,p1a,p1b\n|-damage|p2a: HAUNTS YOU|0 fnt\n|-damage|p1a: Kyogre|22/100\n|-damage|p1b: Iron Bundle|15/100\n|faint|p2a: HAUNTS YOU\n|move|p1b: Iron Bundle|Freeze-Dry|p2b: THE MOON\n|-supereffective|p2b: THE MOON\n|-damage|p2b: THE MOON|35/100 brn\n|move|p1a: Kyogre|Hydro Pump|p2b: THE MOON\n|-supereffective|p2b: THE MOON\n|-damage|p2b: THE MOON|0 fnt\n|faint|p2b: THE MOON\n|\n|-weather|RainDance|[upkeep]\n|upkeep\n|\n|t:|1746126215\n|switch|p2b: FANTASTIC!|Koraidon, L50|100/100\n|switch|p2a: DISAPPEAR|Indeedee-F, L50, F|100/100\n|-fieldstart|move: Psychic Terrain|[from] ability: Psychic Surge|[of] p2a: DISAPPEAR\n|-weather|SunnyDay|[from] ability: Orichalcum Pulse|[of] p2b: FANTASTIC!\n|-activate|p2b: FANTASTIC!|Orichalcum Pulse|[source]\n|turn|3\n|inactive|OrionSeas has 30 seconds left.\n|inactive|OrionSeas has 20 seconds left.\n|\n|t:|1746126251\n|switch|p1a: Iron Hands|Iron Hands, L50|100/100\n|move|p2a: DISAPPEAR|Psychic|p1b: Iron Bundle\n|-damage|p1b: Iron Bundle|0 fnt\n|faint|p1b: Iron Bundle\n|-end|p1b: Iron Bundle|Quark Drive|[silent]\n|move|p2b: FANTASTIC!|Flare Blitz|p1a: Iron Hands\n|-crit|p1a: Iron Hands\n|-damage|p1a: Iron Hands|0 fnt\n|faint|p1a: Iron Hands\n|-end|p1a: Iron Hands|Quark Drive|[silent]\n|-damage|p2b: FANTASTIC!|57/100|[from] Recoil\n|-damage|p2b: FANTASTIC!|47/100|[from] item: Life Orb\n|\n|-weather|SunnyDay|[upkeep]\n|upkeep\n|\n|t:|1746126262\n|switch|p1a: Miraidon|Miraidon, L50|100/100\n|switch|p1b: Kyogre|Kyogre, L50|22/100\n|-fieldstart|move: Electric Terrain|[from] ability: Hadron Engine|[of] p1a: Miraidon\n|-weather|RainDance|[from] ability: Drizzle|[of] p1b: Kyogre\n|turn|4\n|\n|t:|1746126279\n|-terastallize|p1a: Miraidon|Fairy\n|move|p2a: DISAPPEAR|Psychic|p1b: Kyogre\n|-damage|p1b: Kyogre|0 fnt\n|faint|p1b: Kyogre\n|move|p1a: Miraidon|Dazzling Gleam|p2b: FANTASTIC!|[spread] p2a,p2b\n|-supereffective|p2b: FANTASTIC!\n|-damage|p2a: DISAPPEAR|43/100\n|-damage|p2b: FANTASTIC!|0 fnt\n|faint|p2b: FANTASTIC!\n|\n|-weather|RainDance|[upkeep]\n|upkeep\n|turn|5\n|\n|t:|1746126292\n|move|p2a: DISAPPEAR|Psychic|p1a: Miraidon\n|-damage|p1a: Miraidon|74/100\n|move|p1a: Miraidon|Dazzling Gleam|p2a: DISAPPEAR\n|-damage|p2a: DISAPPEAR|0 fnt\n|faint|p2a: DISAPPEAR\n|\n|win|OrionSeas\n||soideshowbob is ready for game 2.\n||OrionSeas is ready for game 2.\n|uhtml|next|Next: <a href=\"/battle-gen9vgc2025regibo3-2354862535\"><strong>Game 2 of 3</strong></a>\n", "uploadtime": 1746126454, "views": 5, "formatid": "gen9vgc2025regibo3", "rating": null, "private": 0, "password": null}