{"id": "gen9vgc2025regibo3-2353523436", "format": "[Gen 9] VGC 2025 Reg I (Bo3)", "players": ["0-8 goat", "SuperOinge22"], "log": "|j|\u26060-8 goat\n|j|\u2606SuperOinge22\n|html|<table width=\"100%\"><tr><td align=\"left\">0-8 goat</td><td align=\"right\">SuperOinge22</tr><tr><td align=\"left\"><i class=\"fa fa-circle-o\"></i> <i class=\"fa fa-circle-o\"></i> </td><td align=\"right\"><i class=\"fa fa-circle-o\"></i> <i class=\"fa fa-circle\"></i> </tr></table>\n|uhtml|bestof|<h2><strong>Game 2</strong> of <a href=\"/game-bestof3-gen9vgc2025regibo3-2353520034\">a best-of-3</a></h2>\n|t:|1745964268\n|gametype|doubles\n|player|p1|0-8 goat|caitlin|1352\n|player|p2|SuperOinge22|mars|1420\n|teamsize|p1|6\n|teamsize|p2|6\n|gen|9\n|tier|[Gen 9] VGC 2025 Reg I (Bo3)\n|rated|\n|rule|Species Clause: Limit one of each Pok\u00e9mon\n|rule|Item Clause: Limit 1 of each item\n|clearpoke\n|poke|p1|Miraidon, L50|\n|poke|p1|Ho-Oh, L50|\n|poke|p1|Grimmsnarl, L50, M|\n|poke|p1|Incineroar, L50, F|\n|poke|p1|Wo-Chien, L50|\n|poke|p1|Iron Bundle, L50|\n|poke|p2|Miraidon, L50|\n|poke|p2|Ho-Oh, L50|\n|poke|p2|Iron Hands, L50|\n|poke|p2|Farigiraf, L50, M|\n|poke|p2|Iron Treads, L50|\n|poke|p2|Urshifu-*, L50, F|\n|teampreview|4\n|showteam|p1|Miraidon||ChoiceSpecs|HadronEngine|ElectroDrift,DracoMeteor,VoltSwitch,DazzlingGleam||||||50|,,,,,Fairy]Ho-Oh||ClearAmulet|Regenerator|Protect,SacredFire,BraveBird,Recover||||||50|,,,,,Water]Grimmsnarl||LightClay|Prankster|SpiritBreak,Reflect,LightScreen,ThunderWave|||M|||50|,,,,,Ghost]Incineroar||AssaultVest|Intimidate|FlareBlitz,KnockOff,Uturn,FakeOut|||F|||50|,,,,,Bug]Wo-Chien||Leftovers|TabletsofRuin|Protect,LeechSeed,PollenPuff,Ruination||||||50|,,,,,Poison]Iron Bundle||LifeOrb|QuarkDrive|IcyWind,HydroPump,FreezeDry,Protect||||||50|,,,,,Ghost\n|showteam|p2|Miraidon||ChoiceSpecs|HadronEngine|VoltSwitch,ElectroDrift,DracoMeteor,DazzlingGleam||||||50|,,,,,Fairy]Ho-Oh||ClearAmulet|Regenerator|SacredFire,BraveBird,Tailwind,Protect||||||50|,,,,,Grass]Iron Hands||AssaultVest|QuarkDrive|FakeOut,DrainPunch,LowKick,WildCharge||||||50|,,,,,Bug]Farigiraf||ElectricSeed|ArmorTail|Psychic,FoulPlay,HelpingHand,TrickRoom|||M|||50|,,,,,Water]Iron Treads||LifeOrb|QuarkDrive|IronHead,SteelRoller,HighHorsepower,Protect||||||50|,,,,,Stellar]Urshifu-Rapid-Strike||FocusSash|UnseenFist|SurgingStrikes,CloseCombat,AquaJet,Detect|||F|||50|,,,,,Stellar\n|inactive|Battle timer is ON: inactive players will automatically lose when time's up. (requested by SuperOinge22)\n|inactive|0-8 goat has 60 seconds left.\n|inactive|0-8 goat has 30 seconds left.\n|\n|t:|1745964334\n|start\n|switch|p1a: Miraidon|Miraidon, L50|100/100\n|switch|p1b: Iron Bundle|Iron Bundle, L50|100/100\n|switch|p2a: Miraidon|Miraidon, L50|100/100\n|switch|p2b: Urshifu|Urshifu-Rapid-Strike, L50, F|100/100\n|-fieldstart|move: Electric Terrain|[from] ability: Hadron Engine|[of] p2a: Miraidon\n|-activate|p1b: Iron Bundle|ability: Quark Drive\n|-start|p1b: Iron Bundle|quarkdrivespe\n|-activate|p1a: Miraidon|ability: Hadron Engine\n|turn|1\n|\n|t:|1745964356\n|switch|p2a: Iron Hands|Iron Hands, L50|100/100\n|-activate|p2a: Iron Hands|ability: Quark Drive\n|-start|p2a: Iron Hands|quarkdriveatk\n|-terastallize|p1a: Miraidon|Fairy\n|move|p2b: Urshifu|Detect|p2b: Urshifu\n|-singleturn|p2b: Urshifu|Protect\n|move|p1b: Iron Bundle|Icy Wind|p2b: Urshifu|[spread] p2a\n|-activate|p2b: Urshifu|move: Protect\n|-damage|p2a: Iron Hands|85/100\n|-unboost|p2a: Iron Hands|spe|1\n|-damage|p1b: Iron Bundle|91/100|[from] item: Life Orb\n|move|p1a: Miraidon|Dazzling Gleam|p2b: Urshifu|[spread] p2a\n|-activate|p2b: Urshifu|move: Protect\n|-supereffective|p2a: Iron Hands\n|-damage|p2a: Iron Hands|10/100\n|\n|upkeep\n|turn|2\n|inactive|0-8 goat has 30 seconds left.\n|inactive|SuperOinge22 has 30 seconds left.\n|inactive|0-8 goat has 20 seconds left.\n|inactive|0-8 goat has 15 seconds left.\n|\n|t:|1745964401\n|-end|p1b: Iron Bundle|Quark Drive|[silent]\n|switch|p1b: Wo-Chien|Wo-Chien, L50|100/100\n|-ability|p1b: Wo-Chien|Tablets of Ruin\n|move|p2a: Iron Hands|Fake Out|p1a: Miraidon\n|-damage|p1a: Miraidon|85/100\n|cant|p1a: Miraidon|flinch\n|move|p2b: Urshifu|Close Combat|p1b: Wo-Chien\n|-supereffective|p1b: Wo-Chien\n|-crit|p1b: Wo-Chien\n|-damage|p1b: Wo-Chien|0 fnt\n|-unboost|p2b: Urshifu|def|1\n|-unboost|p2b: Urshifu|spd|1\n|faint|p1b: Wo-Chien\n|\n|upkeep\n|\n|t:|1745964410\n|switch|p1b: Grimmsnarl|Grimmsnarl, L50, M|100/100\n|turn|3\n|\n|t:|1745964432\n|move|p2b: Urshifu|Detect|p2b: Urshifu\n|-singleturn|p2b: Urshifu|Protect\n|move|p1a: Miraidon|Dazzling Gleam|p2a: Iron Hands|[spread] p2a\n|-activate|p2b: Urshifu|move: Protect\n|-supereffective|p2a: Iron Hands\n|-damage|p2a: Iron Hands|0 fnt\n|faint|p2a: Iron Hands\n|-end|p2a: Iron Hands|Quark Drive|[silent]\n|move|p1b: Grimmsnarl|Spirit Break|p2b: Urshifu\n|-activate|p2b: Urshifu|move: Protect\n|\n|upkeep\n|\n|t:|1745964447\n|switch|p2a: Iron Treads|Iron Treads, L50|100/100\n|-activate|p2a: Iron Treads|ability: Quark Drive\n|-start|p2a: Iron Treads|quarkdrivespe\n|turn|4\n|j| mk1989\n|\n|t:|1745964456\n|move|p1b: Grimmsnarl|Reflect|p1b: Grimmsnarl\n|-sidestart|p1: 0-8 goat|Reflect\n|move|p2a: Iron Treads|Steel Roller|p1a: Miraidon\n|-supereffective|p1a: Miraidon\n|-damage|p1a: Miraidon|0 fnt\n|-fieldend|move: Electric Terrain\n|-end|p2a: Iron Treads|Quark Drive\n|faint|p1a: Miraidon\n|-damage|p2a: Iron Treads|91/100|[from] item: Life Orb\n|move|p2b: Urshifu|Surging Strikes|p1b: Grimmsnarl\n|-crit|p1b: Grimmsnarl\n|-damage|p1b: Grimmsnarl|74/100\n|-crit|p1b: Grimmsnarl\n|-damage|p1b: Grimmsnarl|45/100\n|-crit|p1b: Grimmsnarl\n|-damage|p1b: Grimmsnarl|17/100\n|-hitcount|p1b: Grimmsnarl|3\n|\n|upkeep\n|-message|0-8 goat forfeited.\n|\n|win|SuperOinge22\n|raw|0-8 goat's rating: 1352 &rarr; <strong>1336</strong><br />(-16 for losing)\n|raw|SuperOinge22's rating: 1420 &rarr; <strong>1436</strong><br />(+16 for winning)\n", "uploadtime": 1745964462, "views": 13, "formatid": "gen9vgc2025regibo3", "rating": 1336, "private": 0, "password": null}