{"id": "gen9vgc2025regibo3-2354573597", "format": "[Gen 9] VGC 2025 Reg I (Bo3)", "players": ["waz00", "Maxmar321"], "log": "|j|\u2606waz00\n|j|\u2606Maxmar321\n|html|<table width=\"100%\"><tr><td align=\"left\">waz00</td><td align=\"right\">Maxmar321</tr><tr><td align=\"left\"><i class=\"fa fa-circle-o\"></i> <i class=\"fa fa-circle-o\"></i> </td><td align=\"right\"><i class=\"fa fa-circle-o\"></i> <i class=\"fa fa-circle-o\"></i> </tr></table>\n|uhtml|bestof|<h2><strong>Game 1</strong> of <a href=\"/game-bestof3-gen9vgc2025regibo3-2354573596\">a best-of-3</a></h2>\n|t:|1746096891\n|gametype|doubles\n|player|p1|waz00|nate|1007\n|player|p2|Maxmar321|266|1026\n|teamsize|p1|6\n|teamsize|p2|6\n|gen|9\n|tier|[Gen 9] VGC 2025 Reg I (Bo3)\n|rated|\n|rule|Species Clause: Limit one of each Pok\u00e9mon\n|rule|Item Clause: Limit 1 of each item\n|clearpoke\n|poke|p1|Miraidon, L50|\n|poke|p1|Lunala, L50|\n|poke|p1|Whimsicott, L50, M|\n|poke|p1|Chi-Yu, L50|\n|poke|p1|Urshifu-*, L50, M|\n|poke|p1|Iron Hands, L50|\n|poke|p2|Calyrex-Ice, L50|\n|poke|p2|Miraidon, L50|\n|poke|p2|Amoonguss, L50, F|\n|poke|p2|Incineroar, L50, M|\n|poke|p2|Indeedee-F, L50, F|\n|poke|p2|Rillaboom, L50, F|\n|teampreview|4\n|showteam|p1|Miraidon||ChoiceSpecs|HadronEngine|ElectroDrift,VoltSwitch,DazzlingGleam,DracoMeteor||||||50|,,,,,Fairy]Lunala||PowerHerb|ShadowShield|MoongeistBeam,Moonblast,WideGuard,TrickRoom||||||50|,,,,,Fairy]Whimsicott||CovertCloak|Prankster|Moonblast,Tailwind,LightScreen,Encore|||M|||50|,,,,,Dark]Chi-Yu||ChoiceScarf|BeadsofRuin|Snarl,Overheat,DarkPulse,HeatWave||||||50|,,,,,Ghost]Urshifu-Rapid-Strike||FocusSash|UnseenFist|SurgingStrikes,CloseCombat,AquaJet,Protect|||M|||50|,,,,,Stellar]Iron Hands||AssaultVest|QuarkDrive|FakeOut,DrainPunch,LowKick,WildCharge||||||50|,,,,,Water\n|showteam|p2|Calyrex-Ice||WeaknessPolicy|AsOneGlastrier|GlacialLance,TrickRoom,HighHorsepower,Protect||||||50|,,,,,Ghost]Miraidon||ChoiceSpecs|HadronEngine|ElectroDrift,DracoMeteor,VoltSwitch,Snarl||||||50|,,,,,Electric]Amoonguss||RockyHelmet|Regenerator|Spore,RagePowder,PollenPuff,Protect|||F|||50|,,,,,Water]Incineroar||SafetyGoggles|Intimidate|FakeOut,PartingShot,FlareBlitz,Snarl|||M|||50|,,,,,Fairy]Indeedee-F||PsychicSeed|PsychicSurge|FollowMe,HelpingHand,Protect,Psychic|||F|||50|,,,,,Psychic]Rillaboom||AssaultVest|GrassySurge|GrassyGlide,WoodHammer,Uturn,FakeOut|||F|||50|,,,,,Grass\n|inactive|Battle timer is ON: inactive players will automatically lose when time's up. (requested by Maxmar321)\n|inactive|Maxmar321 has 60 seconds left.\n|\n|t:|1746096958\n|start\n|switch|p1a: Whimsicott|Whimsicott, L50, M|100/100\n|switch|p1b: AfreakingFox|Miraidon, L50|100/100\n|switch|p2a: Indeedee|Indeedee-F, L50, F|100/100\n|switch|p2b: Calyrex|Calyrex-Ice, L50|100/100\n|-ability|p2b: Calyrex|As One\n|-ability|p2b: Calyrex|Unnerve\n|-fieldstart|move: Electric Terrain|[from] ability: Hadron Engine|[of] p1b: AfreakingFox\n|-fieldstart|move: Psychic Terrain|[from] ability: Psychic Surge|[of] p2a: Indeedee\n|-enditem|p2a: Indeedee|Psychic Seed\n|-boost|p2a: Indeedee|spd|1|[from] item: Psychic Seed\n|turn|1\n|inactive|waz00 has 30 seconds left.\n|inactive|waz00 has 20 seconds left.\n|inactive|waz00 has 15 seconds left.\n|inactive|waz00 has 10 seconds left.\n|inactive|waz00 has 5 seconds left.\n|\n|t:|1746097013\n|move|p2a: Indeedee|Follow Me|p2a: Indeedee\n|-singleturn|p2a: Indeedee|move: Follow Me\n|move|p1b: AfreakingFox|Electro Drift|p2a: Indeedee\n|-damage|p2a: Indeedee|58/100\n|move|p1a: Whimsicott|Moonblast|p2a: Indeedee\n|-damage|p2a: Indeedee|42/100\n|move|p2b: Calyrex|Trick Room|p2b: Calyrex\n|-fieldstart|move: Trick Room|[of] p2b: Calyrex\n|\n|upkeep\n|turn|2\n|\n|t:|1746097025\n|move|p2a: Indeedee|Helping Hand|p2b: Calyrex\n|-singleturn|p2b: Calyrex|Helping Hand|[of] p2a: Indeedee\n|move|p1a: Whimsicott|Encore|p2b: Calyrex\n|-activate|p2b: Calyrex|move: Psychic Terrain\n|move|p2b: Calyrex|Glacial Lance|p1a: Whimsicott|[spread] p1a,p1b\n|-supereffective|p1a: Whimsicott\n|-crit|p1a: Whimsicott\n|-supereffective|p1b: AfreakingFox\n|-damage|p1a: Whimsicott|0 fnt\n|-damage|p1b: AfreakingFox|0 fnt\n|faint|p1a: Whimsicott\n|faint|p1b: AfreakingFox\n|-ability|p2b: Calyrex|Chilling Neigh|boost\n|-boost|p2b: Calyrex|atk|2\n|\n|upkeep\n|\n|t:|1746097032\n|switch|p1a: Chi-Yu|Chi-Yu, L50|100/100\n|switch|p1b: Lunala|Lunala, L50|100/100\n|-ability|p1a: Chi-Yu|Beads of Ruin\n|turn|3\n|\n|t:|1746097048\n|move|p2a: Indeedee|Helping Hand|p2b: Calyrex\n|-singleturn|p2b: Calyrex|Helping Hand|[of] p2a: Indeedee\n|move|p2b: Calyrex|Glacial Lance|p1a: Chi-Yu|[spread] p1a,p1b\n|-resisted|p1a: Chi-Yu\n|-damage|p1a: Chi-Yu|0 fnt\n|-damage|p1b: Lunala|27/100\n|faint|p1a: Chi-Yu\n|-ability|p2b: Calyrex|Chilling Neigh|boost\n|-boost|p2b: Calyrex|atk|1\n|move|p1b: Lunala|Moonblast|p2a: Indeedee\n|-damage|p2a: Indeedee|21/100\n|\n|upkeep\n|turn|4\n|-message|waz00 forfeited.\n|\n|win|Maxmar321\n||waz00 is ready for game 2.\n|inactive|Maxmar321 has 30 seconds to confirm battle start!\n||Maxmar321 is ready for game 2.\n|uhtml|next|Next: <a href=\"/battle-gen9vgc2025regibo3-2354574693\"><strong>Game 2 of 3</strong></a>\n|l|\u2606Maxmar321\n|player|p2|\n", "uploadtime": 1746097198, "views": 8, "formatid": "gen9vgc2025regibo3", "rating": null, "private": 0, "password": null}