{"id": "gen9vgc2025regibo3-2353611789", "format": "[Gen 9] VGC 2025 Reg I (Bo3)", "players": ["damage77", "200dollarteam"], "log": "|j|\u2606damage77\n|j|\u2606200dollarteam\n|html|<table width=\"100%\"><tr><td align=\"left\">damage77</td><td align=\"right\">200dollarteam</tr><tr><td align=\"left\"><i class=\"fa fa-circle\"></i> <i class=\"fa fa-circle-o\"></i> </td><td align=\"right\"><i class=\"fa fa-circle-o\"></i> <i class=\"fa fa-circle\"></i> </tr></table>\n|uhtml|bestof|<h2><strong>Game 3</strong> of <a href=\"/game-bestof3-gen9vgc2025regibo3-2353607134\">a best-of-3</a></h2>\n|t:|1745974416\n|gametype|doubles\n|player|p1|damage77|flint|1270\n|player|p2|200dollarteam|shauntal|1316\n|teamsize|p1|6\n|teamsize|p2|6\n|gen|9\n|tier|[Gen 9] VGC 2025 Reg I (Bo3)\n|rated|\n|rule|Species Clause: Limit one of each Pok\u00e9mon\n|rule|Item Clause: Limit 1 of each item\n|clearpoke\n|poke|p1|Koraidon, L50|\n|poke|p1|Brute Bonnet, L50|\n|poke|p1|Raging Bolt, L50|\n|poke|p1|Incineroar, L50, F|\n|poke|p1|Ogerpon-Cornerstone, L50, F|\n|poke|p1|Calyrex-Shadow, L50|\n|poke|p2|Zacian-*, L50|\n|poke|p2|Miraidon, L50|\n|poke|p2|Farigiraf, L50, F|\n|poke|p2|Iron Bundle, L50|\n|poke|p2|Incineroar, L50, M|\n|poke|p2|Ursaluna, L50, M|\n|teampreview|4\n|showteam|p1|Koraidon||LifeOrb|OrichalcumPulse|CloseCombat,FlareBlitz,FlameCharge,Protect||||||50|,,,,,Fire]Brute Bonnet||CovertCloak|Protosynthesis|Protect,SuckerPunch,Spore,RagePowder||||||50|,,,,,Water]Raging Bolt||AssaultVest|Protosynthesis|Thunderbolt,Thunderclap,DracoMeteor,Electroweb||||||50|,,,,,Fairy]Incineroar||SafetyGoggles|Intimidate|KnockOff,FlareBlitz,PartingShot,FakeOut|||F|||50|,,,,,Water]Ogerpon-Cornerstone||CornerstoneMask|Sturdy|IvyCudgel,Taunt,FollowMe,SpikyShield|||F|||50|,,,,,Rock]Calyrex-Shadow||FocusSash|AsOneSpectrier|AstralBarrage,Psychic,NastyPlot,Protect||||||50|,,,,,Ghost\n|showteam|p2|Zacian-Crowned||RustedSword|IntrepidSword|behemothblade,PlayRough,CloseCombat,Protect||||||50|,,,,,Stellar]Miraidon||ChoiceSpecs|HadronEngine|ElectroDrift,DracoMeteor,VoltSwitch,DazzlingGleam||||||50|,,,,,Fairy]Farigiraf||ElectricSeed|ArmorTail|Psychic,FoulPlay,HelpingHand,TrickRoom|||F|||50|,,,,,Water]Iron Bundle||FocusSash|QuarkDrive|IcyWind,FreezeDry,Encore,Protect||||||50|,,,,,Ghost]Incineroar||AssaultVest|Intimidate|KnockOff,FlareBlitz,Uturn,FakeOut|||M|||50|,,,,,Bug]Ursaluna||FlameOrb|Guts|Facade,HeadlongRush,Substitute,Protect|||M|||50|,,,,,Poison\n|inactive|Battle timer is ON: inactive players will automatically lose when time's up. (requested by 200dollarteam)\n|inactive|damage77 has 60 seconds left.\n|inactive|200dollarteam has 60 seconds left.\n|\n|t:|1745974456\n|start\n|switch|p1a: Raging Bolt|Raging Bolt, L50|100/100\n|switch|p1b: Incineroar|Incineroar, L50, F|100/100\n|switch|p2a: Zacian|Zacian-Crowned, L50|100/100\n|switch|p2b: Farigiraf|Farigiraf, L50, F|100/100\n|-ability|p2a: Zacian|Intrepid Sword|boost\n|-boost|p2a: Zacian|atk|1\n|-ability|p1b: Incineroar|Intimidate|boost\n|-unboost|p2a: Zacian|atk|1\n|-unboost|p2b: Farigiraf|atk|1\n|turn|1\n|inactive|damage77 has 30 seconds left.\n|\n|t:|1745974486\n|-terastallize|p2a: Zacian|Stellar\n|-terastallize|p1a: Raging Bolt|Fairy\n|move|p2b: Farigiraf|Helping Hand|p2a: Zacian\n|-singleturn|p2a: Zacian|Helping Hand|[of] p2b: Farigiraf\n|move|p2a: Zacian|Close Combat|p1b: Incineroar\n|-supereffective|p1b: Incineroar\n|-damage|p1b: Incineroar|0 fnt\n|-unboost|p2a: Zacian|def|1\n|-unboost|p2a: Zacian|spd|1\n|faint|p1b: Incineroar\n|move|p1a: Raging Bolt|Thunderbolt|p2b: Farigiraf\n|-damage|p2b: Farigiraf|56/100\n|\n|upkeep\n|\n|t:|1745974510\n|switch|p1b: Calyrex|Calyrex-Shadow, L50|100/100\n|-ability|p1b: Calyrex|As One\n|-ability|p1b: Calyrex|Unnerve\n|turn|2\n|inactive|damage77 has 30 seconds left.\n|inactive|damage77 has 20 seconds left.\n|inactive|damage77 has 15 seconds left.\n|inactive|damage77 has 10 seconds left.\n|\n|t:|1745974556\n|switch|p2a: Incineroar|Incineroar, L50, M|100/100\n|-ability|p2a: Incineroar|Intimidate|boost\n|-unboost|p1a: Raging Bolt|atk|1\n|-unboost|p1b: Calyrex|atk|1\n|-end|p1a: Raging Bolt|Protosynthesis|[silent]\n|switch|p1a: Koraidon|Koraidon, L50|100/100\n|-weather|SunnyDay|[from] ability: Orichalcum Pulse|[of] p1a: Koraidon\n|-activate|p1a: Koraidon|Orichalcum Pulse|[source]\n|move|p1b: Calyrex|Nasty Plot|p1b: Calyrex\n|-boost|p1b: Calyrex|spa|2\n|move|p2b: Farigiraf|Trick Room|p2b: Farigiraf\n|-fieldstart|move: Trick Room|[of] p2b: Farigiraf\n|\n|-weather|SunnyDay|[upkeep]\n|upkeep\n|turn|3\n|inactive|damage77 has 30 seconds left.\n|inactive|200dollarteam has 30 seconds left.\n|inactive|damage77 has 20 seconds left.\n|inactive|damage77 has 15 seconds left.\n|\n|t:|1745974598\n|switch|p1a: Raging Bolt|Raging Bolt, L50, tera:Fairy|100/100\n|-activate|p1a: Raging Bolt|ability: Protosynthesis\n|-start|p1a: Raging Bolt|protosynthesisspa\n|move|p1b: Calyrex|Protect|p1b: Calyrex\n|-singleturn|p1b: Calyrex|Protect\n|move|p2b: Farigiraf|Psychic|p1a: Raging Bolt\n|-damage|p1a: Raging Bolt|79/100\n|move|p2a: Incineroar|Knock Off|p1b: Calyrex\n|-activate|p1b: Calyrex|move: Protect\n|\n|-weather|SunnyDay|[upkeep]\n|upkeep\n|turn|4\n|inactive|damage77 has 30 seconds left.\n|inactive|damage77 has 20 seconds left.\n|inactive|damage77 has 15 seconds left.\n|\n|t:|1745974639\n|move|p2b: Farigiraf|Psychic|p1b: Calyrex\n|-resisted|p1b: Calyrex\n|-damage|p1b: Calyrex|85/100\n|-unboost|p1b: Calyrex|spd|1\n|move|p2a: Incineroar|Knock Off|p1b: Calyrex\n|-supereffective|p1b: Calyrex\n|-damage|p1b: Calyrex|0 fnt\n|-enditem|p1b: Calyrex|Focus Sash|[from] move: Knock Off|[of] p2a: Incineroar\n|faint|p1b: Calyrex\n|move|p1a: Raging Bolt|Thunderbolt|p2b: Farigiraf\n|-damage|p2b: Farigiraf|0 fnt\n|faint|p2b: Farigiraf\n|\n|-weather|SunnyDay|[upkeep]\n|upkeep\n|\n|t:|1745974652\n|switch|p2b: Miraidon|Miraidon, L50|100/100\n|switch|p1b: Koraidon|Koraidon, L50|100/100\n|-activate|p1b: Koraidon|ability: Orichalcum Pulse\n|-fieldstart|move: Electric Terrain|[from] ability: Hadron Engine|[of] p2b: Miraidon\n|turn|5\n|inactive|damage77 has 30 seconds left.\n|\n|t:|1745974678\n|move|p2a: Incineroar|Flare Blitz|p1a: Raging Bolt\n|-crit|p1a: Raging Bolt\n|-damage|p1a: Raging Bolt|0 fnt\n|faint|p1a: Raging Bolt\n|-end|p1a: Raging Bolt|Protosynthesis|[silent]\n|-damage|p2a: Incineroar|72/100|[from] Recoil\n|move|p1b: Koraidon|Flame Charge|p2a: Incineroar\n|-resisted|p2a: Incineroar\n|-damage|p2a: Incineroar|52/100\n|-boost|p1b: Koraidon|spe|1\n|-damage|p1b: Koraidon|91/100|[from] item: Life Orb\n|move|p2b: Miraidon|Dazzling Gleam|p1b: Koraidon\n|-supereffective|p1b: Koraidon\n|-damage|p1b: Koraidon|0 fnt\n|faint|p1b: Koraidon\n|\n|win|200dollarteam\n|raw|damage77's rating: 1270 &rarr; <strong>1248</strong><br />(-22 for losing)\n|raw|200dollarteam's rating: 1316 &rarr; <strong>1333</strong><br />(+17 for winning)\n|c|\u2606damage77|bruh\n|c|\u2606damage77|damn i think i won that\n|l|\u2606200dollarteam\n|player|p2|\n", "uploadtime": 1745974945, "views": 29, "formatid": "gen9vgc2025regibo3", "rating": 1248, "private": 0, "password": null}