{"id": "gen9vgc2025regibo3-2354404015", "format": "[Gen 9] VGC 2025 Reg I (Bo3)", "players": ["byebyebirdie1", "BunsenBonnett"], "log": "|j|\u2606byebyebirdie1\n|j|\u2606BunsenBonnett\n|html|<table width=\"100%\"><tr><td align=\"left\">byebyebirdie1</td><td align=\"right\">BunsenBonnett</tr><tr><td align=\"left\"><i class=\"fa fa-circle-o\"></i> <i class=\"fa fa-circle-o\"></i> </td><td align=\"right\"><i class=\"fa fa-circle-o\"></i> <i class=\"fa fa-circle-o\"></i> </tr></table>\n|uhtml|bestof|<h2><strong>Game 1</strong> of <a href=\"/game-bestof3-gen9vgc2025regibo3-2354404014\">a best-of-3</a></h2>\n|t:|1746067188\n|gametype|doubles\n|player|p1|byebyebirdie1|169|1354\n|player|p2|BunsenBonnett|burglar|1546\n|teamsize|p1|6\n|teamsize|p2|6\n|gen|9\n|tier|[Gen 9] VGC 2025 Reg I (Bo3)\n|rated|\n|rule|Species Clause: Limit one of each Pok\u00e9mon\n|rule|Item Clause: Limit 1 of each item\n|clearpoke\n|poke|p1|Calyrex-Shadow, L50|\n|poke|p1|Chien-Pao, L50|\n|poke|p1|Rillaboom, L50, M|\n|poke|p1|Zamazenta-*, L50|\n|poke|p1|Incineroar, L50, F|\n|poke|p1|Farigiraf, L50, M|\n|poke|p2|Pelipper, L50, M|\n|poke|p2|Kingdra, L50, F|\n|poke|p2|Zacian-*, L50|\n|poke|p2|Lunala, L50|\n|poke|p2|Indeedee-F, L50, F|\n|poke|p2|Urshifu-*, L50, M|\n|teampreview|4\n|showteam|p1|Calyrex-Shadow||CovertCloak|AsOneSpectrier|AstralBarrage,Protect,NastyPlot,DrainingKiss||||||50|,,,,,Fairy]Chien-Pao||FocusSash|SwordofRuin|IcicleCrash,ThroatChop,SuckerPunch,Protect||||||50|,,,,,Stellar]Rillaboom||AssaultVest|GrassySurge|WoodHammer,FakeOut,GrassyGlide,Uturn|||M|||50|,,,,,Fire]Zamazenta-Crowned||RustedShield|DauntlessShield|behemothbash,BodyPress,WideGuard,Protect||||||50|,,,,,Dragon]Incineroar||RockyHelmet|Intimidate|FakeOut,WillOWisp,PartingShot,KnockOff|||F|||50|,,,,,Bug]Farigiraf||SafetyGoggles|ArmorTail|TrickRoom,FoulPlay,Psychic,HelpingHand|||M|||50|,,,,,Water\n|showteam|p2|Pelipper||CovertCloak|Drizzle|WeatherBall,HelpingHand,WideGuard,Hurricane|||M|||50|,,,,,Grass]Kingdra||LifeOrb|SwiftSwim|MuddyWater,DracoMeteor,WeatherBall,Protect|||F|||50|,,,,,Water]Zacian-Crowned||RustedSword|IntrepidSword|behemothblade,PlayRough,Protect,Substitute||||||50|,,,,,Grass]Lunala||PowerHerb|ShadowShield|MeteorBeam,MoongeistBeam,ExpandingForce,TrickRoom||||||50|,,,,,Water]Indeedee-F||RockyHelmet|PsychicSurge|FollowMe,DazzlingGleam,HelpingHand,TrickRoom|||F|||50|,,,,,Fairy]Urshifu||FocusSash|UnseenFist|WickedBlow,CloseCombat,SuckerPunch,Detect|||M|||50|,,,,,Dark\n|\n|t:|1746067266\n|start\n|switch|p1a: Chien-Pao|Chien-Pao, L50|100/100\n|switch|p1b: Zamazenta|Zamazenta-Crowned, L50|100/100\n|switch|p2a: Kingdra|Kingdra, L50, F|100/100\n|switch|p2b: Lunala|Lunala, L50|100/100\n|-ability|p1a: Chien-Pao|Sword of Ruin\n|-ability|p1b: Zamazenta|Dauntless Shield|boost\n|-boost|p1b: Zamazenta|def|1\n|turn|1\n|\n|t:|1746067292\n|switch|p2b: Pelipper|Pelipper, L50, M|100/100\n|-weather|RainDance|[from] ability: Drizzle|[of] p2b: Pelipper\n|move|p1a: Chien-Pao|Sucker Punch|p2a: Kingdra\n|-damage|p2a: Kingdra|42/100\n|move|p2a: Kingdra|Muddy Water|p1a: Chien-Pao|[spread] p1a,p1b\n|-damage|p1a: Chien-Pao|17/100\n|-damage|p1b: Zamazenta|61/100\n|-unboost|p1b: Zamazenta|accuracy|1\n|-damage|p2a: Kingdra|32/100|[from] item: Life Orb\n|move|p1b: Zamazenta|Body Press|p2a: Kingdra\n|-damage|p2a: Kingdra|0 fnt\n|faint|p2a: Kingdra\n|\n|-weather|RainDance|[upkeep]\n|upkeep\n|\n|t:|1746067307\n|switch|p2a: Zacian|Zacian-Crowned, L50|100/100\n|-ability|p2a: Zacian|Intrepid Sword|boost\n|-boost|p2a: Zacian|atk|1\n|turn|2\n|\n|t:|1746067323\n|move|p1b: Zamazenta|Protect|p1b: Zamazenta\n|-singleturn|p1b: Zamazenta|Protect\n|move|p2a: Zacian|Play Rough|p1b: Zamazenta\n|-activate|p1b: Zamazenta|move: Protect\n|move|p1a: Chien-Pao|Icicle Crash|p2b: Pelipper\n|-damage|p2b: Pelipper|42/100\n|move|p2b: Pelipper|Weather Ball|p1a: Chien-Pao\n|-damage|p1a: Chien-Pao|0 fnt\n|faint|p1a: Chien-Pao\n|\n|-weather|RainDance|[upkeep]\n|upkeep\n|\n|t:|1746067336\n|switch|p1a: Incineroar|Incineroar, L50, F|100/100\n|-ability|p1a: Incineroar|Intimidate|boost\n|-unboost|p2a: Zacian|atk|1\n|-unboost|p2b: Pelipper|atk|1\n|turn|3\n|\n|t:|1746067358\n|move|p1a: Incineroar|Fake Out|p2a: Zacian\n|-resisted|p2a: Zacian\n|-damage|p2a: Zacian|95/100\n|cant|p2a: Zacian|flinch\n|move|p1b: Zamazenta|Body Press|p2b: Pelipper|[miss]\n|-miss|p1b: Zamazenta|p2b: Pelipper\n|move|p2b: Pelipper|Weather Ball|p1a: Incineroar\n|-supereffective|p1a: Incineroar\n|-damage|p1a: Incineroar|0 fnt\n|faint|p1a: Incineroar\n|\n|-weather|RainDance|[upkeep]\n|upkeep\n|\n|t:|1746067367\n|switch|p1a: Calyrex|Calyrex-Shadow, L50|100/100\n|-ability|p1a: Calyrex|As One\n|-ability|p1a: Calyrex|Unnerve\n|turn|4\n|-message|byebyebirdie1 forfeited.\n|\n|win|BunsenBonnett\n||BunsenBonnett is ready for game 2.\n|inactive|byebyebirdie1 has 30 seconds to confirm battle start!\n||byebyebirdie1 is ready for game 2.\n|uhtml|next|Next: <a href=\"/battle-gen9vgc2025regibo3-2354405700\"><strong>Game 2 of 3</strong></a>\n|l|\u2606BunsenBonnett\n|player|p2|\n", "uploadtime": 1746067380, "views": 16, "formatid": "gen9vgc2025regibo3", "rating": null, "private": 0, "password": null}