{"id": "gen9vgc2025regibo3-2353727287", "format": "[Gen 9] VGC 2025 Reg I (Bo3)", "players": ["STARMAXXIMUS", "setheeswag"], "log": "|j|\u2606STARMAXXIMUS\n|j|\u2606setheeswag\n|html|<table width=\"100%\"><tr><td align=\"left\">STARMAXXIMUS</td><td align=\"right\">setheeswag</tr><tr><td align=\"left\"><i class=\"fa fa-circle-o\"></i> <i class=\"fa fa-circle-o\"></i> </td><td align=\"right\"><i class=\"fa fa-circle-o\"></i> <i class=\"fa fa-circle-o\"></i> </tr></table>\n|uhtml|bestof|<h2><strong>Game 1</strong> of <a href=\"/game-bestof3-gen9vgc2025regibo3-2353727286\">a best-of-3</a></h2>\n|t:|1745989588\n|gametype|doubles\n|player|p1|STARMAXXIMUS|thorton|1180\n|player|p2|setheeswag|170|1092\n|teamsize|p1|6\n|teamsize|p2|6\n|gen|9\n|tier|[Gen 9] VGC 2025 Reg I (Bo3)\n|rated|\n|rule|Species Clause: Limit one of each Pok\u00e9mon\n|rule|Item Clause: Limit 1 of each item\n|clearpoke\n|poke|p1|Terapagos, L50, M|\n|poke|p1|Incineroar, L50, M|\n|poke|p1|Urshifu-*, L50, F|\n|poke|p1|Rillaboom, L50, M|\n|poke|p1|Lunala, L50|\n|poke|p1|Tornadus, L50, M|\n|poke|p2|Calyrex-Shadow, L50|\n|poke|p2|Rayquaza, L50|\n|poke|p2|Volcarona, L50, M|\n|poke|p2|Urshifu-*, L50, F|\n|poke|p2|Chien-Pao, L50|\n|poke|p2|Landorus, L50, M|\n|teampreview|4\n|showteam|p1|Terapagos||Leftovers|TeraShift|TeraStarstorm,EarthPower,CalmMind,Protect|||M|||50|,,,,,Stellar]Incineroar||SafetyGoggles|Intimidate|KnockOff,FakeOut,WillOWisp,PartingShot|||M|||50|,,,,,Ghost]Urshifu-Rapid-Strike||MysticWater|UnseenFist|SurgingStrikes,CloseCombat,Taunt,Detect|||F|||50|,,,,,Water]Rillaboom||AssaultVest|GrassySurge|WoodHammer,GrassyGlide,FakeOut,Uturn|||M|||50|,,,,,Water]Lunala||PowerHerb|ShadowShield|MoongeistBeam,Moonblast,WideGuard,MeteorBeam||||||50|,,,,,Fairy]Tornadus||CovertCloak|Prankster|BleakwindStorm,Tailwind,RainDance,Protect|||M|||50|,,,,,Dark\n|showteam|p2|Calyrex-Shadow||LifeOrb|AsOneSpectrier|AstralBarrage,Protect,Psychic,Imprison||||||50|,,,,,Psychic]Rayquaza||ChoiceBand|AirLock|ExtremeSpeed,Uturn,GigaImpact,DragonAscent||||||50|,,,,,Normal]Volcarona||RockyHelmet|FlameBody|Protect,RagePowder,Tailwind,FieryDance|||M|||50|,,,,,Water]Urshifu-Rapid-Strike||FocusSash|UnseenFist|SurgingStrikes,Protect,CloseCombat,AquaJet|||F|||50|,,,,,Fighting]Chien-Pao||CovertCloak|SwordofRuin|Protect,IceShard,IceSpinner,SuckerPunch||||||50|,,,,,Dark]Landorus||ChoiceScarf|SheerForce|SandsearStorm,EarthPower,SludgeBomb,Uturn|||M|||50|,,,,,Ground\n|inactive|Battle timer is ON: inactive players will automatically lose when time's up. (requested by STARMAXXIMUS)\n|inactive|STARMAXXIMUS has 60 seconds left.\n|inactive|setheeswag has 60 seconds left.\n|\n|t:|1745989647\n|start\n|switch|p1a: Terapagos|Terapagos, L50, M|100/100\n|switch|p1b: Incineroar|Incineroar, L50, M, shiny|100/100\n|switch|p2a: Calyrex|Calyrex-Shadow, L50|100/100\n|switch|p2b: Chien-Pao|Chien-Pao, L50|100/100\n|-activate|p1a: Terapagos|ability: Tera Shift\n|detailschange|p1a: Terapagos|Terapagos-Terastal, L50, M\n|-heal|p1a: Terapagos|100/100|[silent]\n|-ability|p2a: Calyrex|As One\n|-ability|p2a: Calyrex|Unnerve\n|-ability|p2b: Chien-Pao|Sword of Ruin\n|-ability|p1b: Incineroar|Intimidate|boost\n|-unboost|p2a: Calyrex|atk|1\n|-unboost|p2b: Chien-Pao|atk|1\n|turn|1\n|inactive|STARMAXXIMUS has 30 seconds left.\n|inactive|setheeswag has 30 seconds left.\n|inactive|setheeswag has 20 seconds left.\n|\n|t:|1745989686\n|move|p2a: Calyrex|Protect|p2a: Calyrex\n|-singleturn|p2a: Calyrex|Protect\n|move|p2b: Chien-Pao|Protect|p2b: Chien-Pao\n|-singleturn|p2b: Chien-Pao|Protect\n|move|p1a: Terapagos|Protect|p1a: Terapagos\n|-singleturn|p1a: Terapagos|Protect\n|move|p1b: Incineroar|Knock Off|p2a: Calyrex\n|-activate|p2a: Calyrex|move: Protect\n|\n|upkeep\n|turn|2\n|inactive|setheeswag has 30 seconds left.\n|\n|t:|1745989714\n|switch|p2a: Rayquaza|Rayquaza, L50|100/100\n|-ability|p2a: Rayquaza|Air Lock\n|move|p2b: Chien-Pao|Ice Spinner|p1a: Terapagos\n|-activate|p1a: Terapagos|ability: Tera Shell\n|-resisted|p1a: Terapagos\n|-damage|p1a: Terapagos|87/100\n|move|p1a: Terapagos|Calm Mind|p1a: Terapagos\n|-boost|p1a: Terapagos|spa|1\n|-boost|p1a: Terapagos|spd|1\n|move|p1b: Incineroar|Will-O-Wisp|p2b: Chien-Pao\n|-status|p2b: Chien-Pao|brn\n|\n|-heal|p1a: Terapagos|94/100|[from] item: Leftovers\n|-damage|p2b: Chien-Pao|95/100 brn|[from] brn\n|upkeep\n|turn|3\n|inactive|setheeswag has 30 seconds left.\n|inactive|setheeswag has 20 seconds left.\n|inactive|setheeswag has 15 seconds left.\n|\n|t:|1745989754\n|-terastallize|p2a: Rayquaza|Normal\n|move|p1a: Terapagos|Protect|p1a: Terapagos\n|-singleturn|p1a: Terapagos|Protect\n|move|p2a: Rayquaza|Extreme Speed|p1b: Incineroar\n|-damage|p1b: Incineroar|19/100\n|move|p2b: Chien-Pao|Ice Shard|p1b: Incineroar\n|-resisted|p1b: Incineroar\n|-damage|p1b: Incineroar|16/100\n|move|p1b: Incineroar|Will-O-Wisp|p2a: Rayquaza\n|-status|p2a: Rayquaza|brn\n|\n|-heal|p1a: Terapagos|99/100|[from] item: Leftovers\n|-damage|p2b: Chien-Pao|89/100 brn|[from] brn\n|-damage|p2a: Rayquaza|94/100 brn|[from] brn\n|upkeep\n|turn|4\n|\n|t:|1745989775\n|switch|p1b: Lunala|Lunala, L50|100/100\n|move|p2a: Rayquaza|Extreme Speed|p1b: Lunala\n|-immune|p1b: Lunala\n|move|p2b: Chien-Pao|Ice Spinner|p1a: Terapagos\n|-damage|p1a: Terapagos|88/100\n|move|p1a: Terapagos|Calm Mind|p1a: Terapagos\n|-boost|p1a: Terapagos|spa|1\n|-boost|p1a: Terapagos|spd|1\n|\n|-heal|p1a: Terapagos|94/100|[from] item: Leftovers\n|-damage|p2b: Chien-Pao|83/100 brn|[from] brn\n|-damage|p2a: Rayquaza|88/100 brn|[from] brn\n|upkeep\n|turn|5\n|-message|setheeswag forfeited.\n|\n|win|STARMAXXIMUS\n|l|\u2606setheeswag\n|player|p2|\n||STARMAXXIMUS is ready for game 2.\n||setheeswag is ready for game 2.\n|uhtml|next|Next: <a href=\"/battle-gen9vgc2025regibo3-2353728484\"><strong>Game 2 of 3</strong></a>\n", "uploadtime": 1745990058, "views": 6, "formatid": "gen9vgc2025regibo3", "rating": null, "private": 0, "password": null}