{"id": "gen9vgc2025regibo3-2354113072", "format": "[Gen 9] VGC 2025 Reg I (Bo3)", "players": ["BreadPudding248", "emegilat"], "log": "|j|\u2606BreadPudding248\n|j|\u2606emegilat\n|html|<table width=\"100%\"><tr><td align=\"left\">BreadPudding248</td><td align=\"right\">emegilat</tr><tr><td align=\"left\"><i class=\"fa fa-circle-o\"></i> <i class=\"fa fa-circle-o\"></i> </td><td align=\"right\"><i class=\"fa fa-circle-o\"></i> <i class=\"fa fa-circle-o\"></i> </tr></table>\n|uhtml|bestof|<h2><strong>Game 1</strong> of <a href=\"/game-bestof3-gen9vgc2025regibo3-2354113071\">a best-of-3</a></h2>\n|t:|1746035958\n|gametype|doubles\n|player|p1|BreadPudding248|collector|1419\n|player|p2|emegilat|101|1325\n|teamsize|p1|6\n|teamsize|p2|6\n|gen|9\n|tier|[Gen 9] VGC 2025 Reg I (Bo3)\n|rated|\n|rule|Species Clause: Limit one of each Pok\u00e9mon\n|rule|Item Clause: Limit 1 of each item\n|clearpoke\n|poke|p1|Calyrex-Shadow, L50|\n|poke|p1|Zamazenta-*, L50|\n|poke|p1|Incineroar, L50, F|\n|poke|p1|Rillaboom, L50, F|\n|poke|p1|Clefairy, L50, F|\n|poke|p1|Urshifu-*, L50, F|\n|poke|p2|Miraidon, L50|\n|poke|p2|Incineroar, L50, M|\n|poke|p2|Koraidon, L50|\n|poke|p2|Flutter Mane, L50|\n|poke|p2|Raging Bolt, L50|\n|poke|p2|Ogerpon-Cornerstone, L50, F|\n|teampreview|4\n|showteam|p1|Calyrex-Shadow||SpellTag|AsOneSpectrier|AstralBarrage,Psychic,NastyPlot,Protect||||||50|,,,,,Dark]Zamazenta-Crowned||RustedShield|DauntlessShield|BodyPress,WideGuard,Protect,HeavySlam||||||50|,,,,,Dragon]Incineroar||SafetyGoggles|Intimidate|FlareBlitz,KnockOff,PartingShot,FakeOut|||F|||50|,,,,,Ghost]Rillaboom||AssaultVest|GrassySurge|WoodHammer,GrassyGlide,Uturn,FakeOut|||F|||50|,,,,,Fire]Clefairy||Eviolite|FriendGuard|FollowMe,IcyWind,HelpingHand,Protect|||F|||50|,,,,,Grass]Urshifu-Rapid-Strike||ChoiceScarf|UnseenFist|SurgingStrikes,CloseCombat,Uturn,RainDance|||F|||50|,,,,,Ghost\n|showteam|p2|Miraidon||ChoiceSpecs|HadronEngine|DracoMeteor,ElectroDrift,DazzlingGleam,VoltSwitch||||||50|,,,,,Fairy]Incineroar||RockyHelmet|Intimidate|KnockOff,FakeOut,PartingShot,FlareBlitz|||M|||50|,,,,,Grass]Koraidon||LifeOrb|OrichalcumPulse|FlareBlitz,CloseCombat,FlameCharge,Protect||||||50|,,,,,Fire]Flutter Mane||FocusSash|Protosynthesis|Moonblast,ShadowBall,IcyWind,Protect||||||50|,,,,,Stellar]Raging Bolt||AssaultVest|Protosynthesis|RisingVoltage,Thunderclap,Electroweb,DracoMeteor||||||50|,,,,,Electric]Ogerpon-Cornerstone||CornerstoneMask|Sturdy|IvyCudgel,PowerWhip,FollowMe,SpikyShield|||F|||50|,,,,,Rock\n|inactive|Battle timer is ON: inactive players will automatically lose when time's up. (requested by BreadPudding248)\n|\n|t:|1746035987\n|start\n|switch|p1a: Rillaboom|Rillaboom, L50, F|100/100\n|switch|p1b: Calyrex|Calyrex-Shadow, L50|100/100\n|switch|p2a: Koraidon|Koraidon, L50|100/100\n|switch|p2b: Miraidon|Miraidon, L50|100/100\n|-ability|p1b: Calyrex|As One\n|-ability|p1b: Calyrex|Unnerve\n|-weather|SunnyDay|[from] ability: Orichalcum Pulse|[of] p2a: Koraidon\n|-activate|p2a: Koraidon|Orichalcum Pulse|[source]\n|-fieldstart|move: Electric Terrain|[from] ability: Hadron Engine|[of] p2b: Miraidon\n|-fieldstart|move: Grassy Terrain|[from] ability: Grassy Surge|[of] p1a: Rillaboom\n|turn|1\n|inactive|emegilat has 30 seconds left.\n|\n|t:|1746036014\n|-terastallize|p2a: Koraidon|Fire\n|move|p1a: Rillaboom|Fake Out|p2a: Koraidon\n|-damage|p2a: Koraidon|89/100\n|move|p1b: Calyrex|Nasty Plot|p1b: Calyrex\n|-boost|p1b: Calyrex|spa|2\n|cant|p2a: Koraidon|flinch\n|move|p2b: Miraidon|Volt Switch|p1b: Calyrex\n|-damage|p1b: Calyrex|53/100\n|\n|t:|1746036020\n|switch|p2b: Raging Bolt|Raging Bolt, L50|100/100|[from] Volt Switch\n|-activate|p2b: Raging Bolt|ability: Protosynthesis\n|-start|p2b: Raging Bolt|protosynthesisspa\n|\n|-weather|SunnyDay|[upkeep]\n|-heal|p1b: Calyrex|59/100|[from] Grassy Terrain\n|-heal|p2a: Koraidon|95/100|[from] Grassy Terrain\n|upkeep\n|turn|2\n|\n|t:|1746036035\n|switch|p1a: Clefairy|Clefairy, L50, F|100/100\n|move|p2b: Raging Bolt|Thunderclap|p1b: Calyrex\n|-damage|p1b: Calyrex|25/100\n|move|p1b: Calyrex|Astral Barrage|p2b: Raging Bolt|[spread] p2a,p2b\n|-damage|p2a: Koraidon|0 fnt\n|-damage|p2b: Raging Bolt|36/100\n|faint|p2a: Koraidon\n|-ability|p1b: Calyrex|Grim Neigh|boost\n|-boost|p1b: Calyrex|spa|1\n|\n|-weather|SunnyDay|[upkeep]\n|-heal|p1b: Calyrex|32/100|[from] Grassy Terrain\n|-heal|p2b: Raging Bolt|42/100|[from] Grassy Terrain\n|upkeep\n|-message|emegilat forfeited.\n|\n|win|BreadPudding248\n||emegilat is ready for game 2.\n||BreadPudding248 is ready for game 2.\n|uhtml|next|Next: <a href=\"/battle-gen9vgc2025regibo3-2354114107\"><strong>Game 2 of 3</strong></a>\n|l|\u2606emegilat\n|player|p2|\n", "uploadtime": 1746037481, "views": 6, "formatid": "gen9vgc2025regibo3", "rating": null, "private": 0, "password": null}