{"id": "gen9vgc2025regibo3-2353739174", "format": "[Gen 9] VGC 2025 Reg I (Bo3)", "players": ["Johto Fresh", "Lalogeorgi"], "log": "|j|\u2606Johto Fresh\n|j|\u2606Lalogeorgi\n|html|<table width=\"100%\"><tr><td align=\"left\">Johto Fresh</td><td align=\"right\">Lalogeorgi</tr><tr><td align=\"left\"><i class=\"fa fa-circle\"></i> <i class=\"fa fa-circle-o\"></i> </td><td align=\"right\"><i class=\"fa fa-circle-o\"></i> <i class=\"fa fa-circle-o\"></i> </tr></table>\n|uhtml|bestof|<h2><strong>Game 2</strong> of <a href=\"/game-bestof3-gen9vgc2025regibo3-2353738530\">a best-of-3</a></h2>\n|t:|1745991600\n|gametype|doubles\n|player|p1|Johto Fresh|cameraman|1059\n|player|p2|Lalogeorgi|dancer|1165\n|teamsize|p1|6\n|teamsize|p2|6\n|gen|9\n|tier|[Gen 9] VGC 2025 Reg I (Bo3)\n|rated|\n|rule|Species Clause: Limit one of each Pok\u00e9mon\n|rule|Item Clause: Limit 1 of each item\n|clearpoke\n|poke|p1|Tyranitar, L50, F|\n|poke|p1|Entei, L50|\n|poke|p1|Raikou, L50|\n|poke|p1|Ho-Oh, L50|\n|poke|p1|Lugia, L50|\n|poke|p1|Suicune, L50|\n|poke|p2|Miraidon, L50|\n|poke|p2|Tornadus, L50, M|\n|poke|p2|Zacian-*, L50|\n|poke|p2|Urshifu-*, L50, M|\n|poke|p2|Rillaboom, L50, M|\n|poke|p2|Incineroar, L50, M|\n|teampreview|4\n|showteam|p1|Tyranitar||AssaultVest|SandStream|RockSlide,KnockOff,TeraBlast,LowKick|||F|||50|,,,,,Flying]Entei||LifeOrb|InnerFocus|ExtremeSpeed,SacredFire,StompingTantrum,Protect||||||50|,,,,,Normal]Raikou||ChoiceScarf|InnerFocus|Discharge,ShadowBall,Scald,VoltSwitch||||||50|,,,,,Electric]Ho-Oh||CovertCloak|Regenerator|SacredFire,BraveBird,Tailwind,Protect||||||50|,,,,,Ground]Lugia||RockyHelmet|Multiscale|Aeroblast,PsychUp,Reflect,Recover||||||50|,,,,,Ground]Suicune||SafetyGoggles|InnerFocus|Scald,Snarl,CalmMind,Protect||||||50|,,,,,Dark\n|showteam|p2|Miraidon||ChoiceSpecs|HadronEngine|DracoMeteor,ElectroDrift,VoltSwitch,DazzlingGleam||||||50|,,,,,Electric]Tornadus||CovertCloak|Prankster|RainDance,BleakwindStorm,Tailwind,Taunt|||M|||50|,,,,,Flying]Zacian-Crowned||RustedSword|IntrepidSword|behemothblade,Protect,SacredSword,PlayRough||||||50|,,,,,Fairy]Urshifu-Rapid-Strike||MysticWater|UnseenFist|AquaJet,CloseCombat,Detect,SurgingStrikes|||M|||50|,,,,,Water]Rillaboom||AssaultVest|GrassySurge|WoodHammer,FakeOut,GrassyGlide,Uturn|||M|||50|,,,,,Dragon]Incineroar||SitrusBerry|Intimidate|KnockOff,PartingShot,FlareBlitz,FakeOut|||M|||50|,,,,,Water\n|inactive|Battle timer is ON: inactive players will automatically lose when time's up. (requested by Johto Fresh)\n|c|\u2606Johto Fresh|you think ur a bad boy homie?\n|inactive|Johto Fresh has 60 seconds left.\n|c|\u2606Johto Fresh|hurry up homi\n|c|\u2606Johto Fresh|52 secs left\n|inactive|Johto Fresh has 30 seconds left.\n|inactive|Johto Fresh has 20 seconds left.\n|inactive|Johto Fresh has 15 seconds left.\n|inactive|Johto Fresh has 10 seconds left.\n|c|\u2606Johto Fresh|Im about to beat u homi\n|inactive|Johto Fresh has 5 seconds left.\n|c|\u2606Johto Fresh|lock in playa\n|\n|t:|1745991696\n|start\n|switch|p1a: Tyranitar|Tyranitar, L50, F, shiny|100/100\n|switch|p1b: Entei|Entei, L50|100/100\n|switch|p2a: Tornadus|Tornadus, L50, M|100/100\n|switch|p2b: Miraidon|Miraidon, L50|100/100\n|-fieldstart|move: Electric Terrain|[from] ability: Hadron Engine|[of] p2b: Miraidon\n|-weather|Sandstorm|[from] ability: Sand Stream|[of] p1a: Tyranitar\n|turn|1\n|inactive|Lalogeorgi has 30 seconds left.\n|\n|t:|1745991724\n|-terastallize|p2b: Miraidon|Electric\n|-terastallize|p1b: Entei|Normal\n|move|p2a: Tornadus|Rain Dance|p2a: Tornadus\n|-weather|RainDance\n|move|p2b: Miraidon|Volt Switch|p1a: Tyranitar\n|-damage|p1a: Tyranitar|27/100\n|\n|t:|1745991730\n|switch|p2b: Urshifu|Urshifu-Rapid-Strike, L50, M|100/100|[from] Volt Switch\n|move|p1b: Entei|Stomping Tantrum|p2b: Urshifu\n|-damage|p2b: Urshifu|66/100\n|-damage|p1b: Entei|91/100|[from] item: Life Orb\n|move|p1a: Tyranitar|Rock Slide|p2a: Tornadus|[spread] p2a,p2b\n|-supereffective|p2a: Tornadus\n|-resisted|p2b: Urshifu\n|-crit|p2b: Urshifu\n|-damage|p2a: Tornadus|30/100\n|-damage|p2b: Urshifu|43/100\n|\n|-weather|RainDance|[upkeep]\n|upkeep\n|turn|2\n|inactive|Lalogeorgi has 30 seconds left.\n|\n|t:|1745991761\n|move|p1b: Entei|Extreme Speed|p2b: Urshifu\n|-crit|p2b: Urshifu\n|-damage|p2b: Urshifu|0 fnt\n|faint|p2b: Urshifu\n|-damage|p1b: Entei|81/100|[from] item: Life Orb\n|move|p2a: Tornadus|Tailwind|p2a: Tornadus\n|-sidestart|p2: Lalogeorgi|move: Tailwind\n|move|p1a: Tyranitar|Rock Slide|p2a: Tornadus\n|-supereffective|p2a: Tornadus\n|-damage|p2a: Tornadus|0 fnt\n|faint|p2a: Tornadus\n|\n|-weather|RainDance|[upkeep]\n|upkeep\n|\n|t:|1745991773\n|switch|p2a: Zacian|Zacian-Crowned, L50|100/100\n|switch|p2b: Miraidon|Miraidon, L50, tera:Electric|100/100\n|-ability|p2a: Zacian|Intrepid Sword|boost\n|-boost|p2a: Zacian|atk|1\n|-activate|p2b: Miraidon|ability: Hadron Engine\n|turn|3\n|\n|t:|1745991783\n|move|p1b: Entei|Protect|p1b: Entei\n|-singleturn|p1b: Entei|Protect\n|move|p2a: Zacian|Behemoth Blade|p1a: Tyranitar\n|-supereffective|p1a: Tyranitar\n|-damage|p1a: Tyranitar|0 fnt\n|faint|p1a: Tyranitar\n|move|p2b: Miraidon|Electro Drift|p1b: Entei\n|-activate|p1b: Entei|move: Protect\n|\n|-weather|RainDance|[upkeep]\n|upkeep\n|inactive|Johto Fresh has 30 seconds left.\n|inactive|Johto Fresh has 20 seconds left.\n|inactive|Johto Fresh has 15 seconds left.\n|inactive|Johto Fresh has 10 seconds left.\n|\n|t:|1745991830\n|switch|p1a: Ho-Oh|Ho-Oh, L50|100/100\n|turn|4\n|\n|t:|1745991855\n|move|p1b: Entei|Protect|p1b: Entei\n|-singleturn|p1b: Entei|Protect\n|move|p2a: Zacian|Sacred Sword|p1b: Entei\n|-activate|p1b: Entei|move: Protect\n|move|p2b: Miraidon|Electro Drift|p1a: Ho-Oh\n|-supereffective|p1a: Ho-Oh\n|-damage|p1a: Ho-Oh|0 fnt\n|faint|p1a: Ho-Oh\n|\n|-weather|RainDance|[upkeep]\n|upkeep\n|inactive|Johto Fresh has 30 seconds left.\n|\n|t:|1745991880\n|switch|p1a: Raikou|Raikou, L50|100/100\n|turn|5\n|inactive|Johto Fresh has 30 seconds left.\n|\n|t:|1745991911\n|move|p2a: Zacian|Behemoth Blade|p1a: Raikou\n|-resisted|p1a: Raikou\n|-damage|p1a: Raikou|46/100\n|move|p2b: Miraidon|Electro Drift|p1b: Entei\n|-damage|p1b: Entei|0 fnt\n|faint|p1b: Entei\n|move|p1a: Raikou|Discharge|p2a: Zacian|[spread] p2a,p2b\n|-resisted|p2b: Miraidon\n|-damage|p2a: Zacian|62/100\n|-damage|p2b: Miraidon|83/100\n|\n|-weather|none\n|-sideend|p2: Lalogeorgi|move: Tailwind\n|-fieldend|move: Electric Terrain\n|upkeep\n|turn|6\n|\n|t:|1745991928\n|move|p1a: Raikou|Discharge|p2b: Miraidon|[spread] p2a,p2b\n|-resisted|p2b: Miraidon\n|-damage|p2a: Zacian|32/100\n|-damage|p2b: Miraidon|67/100\n|move|p2a: Zacian|Behemoth Blade|p1a: Raikou\n|-resisted|p1a: Raikou\n|-damage|p1a: Raikou|0 fnt\n|faint|p1a: Raikou\n|\n|win|Lalogeorgi\n|l|\u2606Johto Fresh\n|player|p1|\n|l|\u2606Lalogeorgi\n|player|p2|\n|inactive|Johto Fresh has 30 seconds to confirm battle start!\n|inactive|Lalogeorgi has 30 seconds to confirm battle start!\n|inactive|Johto Fresh has 20 seconds to confirm battle start!\n|inactive|Lalogeorgi has 20 seconds to confirm battle start!\n|j|\u2606Lalogeorgi\n|player|p2|Lalogeorgi|dancer|\n||Lalogeorgi is ready for game 3.\n|inactive|Johto Fresh has 10 seconds to confirm battle start!\n|uhtml|next|Next: <a href=\"/battle-gen9vgc2025regibo3-2353741293\"><strong>Game 3 of 3</strong></a>\n|l|\u2606Lalogeorgi\n|player|p2|\n", "uploadtime": 1745992282, "views": 23, "formatid": "gen9vgc2025regibo3", "rating": null, "private": 0, "password": null}