{"id": "gen9vgc2025regibo3-2353886088", "format": "[Gen 9] VGC 2025 Reg I (Bo3)", "players": ["The10Zin", "rayraydon"], "log": "|j|\u2606The10Zin\n|j|\u2606rayraydon\n|html|<table width=\"100%\"><tr><td align=\"left\">The10Zin</td><td align=\"right\">rayraydon</tr><tr><td align=\"left\"><i class=\"fa fa-circle\"></i> <i class=\"fa fa-circle-o\"></i> </td><td align=\"right\"><i class=\"fa fa-circle-o\"></i> <i class=\"fa fa-circle-o\"></i> </tr></table>\n|uhtml|bestof|<h2><strong>Game 2</strong> of <a href=\"/game-bestof3-gen9vgc2025regibo3-2353884442\">a best-of-3</a></h2>\n|t:|1746014982\n|gametype|doubles\n|player|p1|The10Zin|266|1277\n|player|p2|rayraydon|sabrina|1216\n|teamsize|p1|6\n|teamsize|p2|6\n|gen|9\n|tier|[Gen 9] VGC 2025 Reg I (Bo3)\n|rated|\n|rule|Species Clause: Limit one of each Pok\u00e9mon\n|rule|Item Clause: Limit 1 of each item\n|clearpoke\n|poke|p1|Miraidon, L50|\n|poke|p1|Landorus, L50, M|\n|poke|p1|Calyrex-Ice, L50|\n|poke|p1|Farigiraf, L50, M|\n|poke|p1|Iron Valiant, L50|\n|poke|p1|Gastrodon, L50, M|\n|poke|p2|Miraidon, L50|\n|poke|p2|Rayquaza, L50|\n|poke|p2|Farigiraf, L50, F|\n|poke|p2|Iron Hands, L50|\n|poke|p2|Chien-Pao, L50|\n|poke|p2|Ogerpon-Hearthflame, L50, F|\n|teampreview|4\n|showteam|p1|Miraidon||ChoiceSpecs|HadronEngine|VoltSwitch,DracoMeteor,ElectroDrift,DazzlingGleam||||||50|,,,,,Fairy]Landorus||ChoiceScarf|SheerForce|EarthPower,SludgeBomb,SandsearStorm,GrassKnot|||M|||50|,,,,,Poison]Calyrex-Ice||NeverMeltIce|AsOneGlastrier|GlacialLance,CloseCombat,TrickRoom,Protect||||||50|,,,,,Fire]Farigiraf||ThroatSpray|ArmorTail|HyperVoice,Psychic,Imprison,TrickRoom|||M|||50|,,,,,Grass]Iron Valiant||BoosterEnergy|QuarkDrive|WideGuard,Coaching,SpiritBreak,Imprison||||||50|,,,,,Steel]Gastrodon||AssaultVest|StormDrain|EarthPower,HydroPump,SludgeBomb,IcyWind|||M|||50|,,,,,Fire\n|showteam|p2|Miraidon||ChoiceSpecs|HadronEngine|ElectroDrift,VoltSwitch,DracoMeteor,DazzlingGleam||||||50|,,,,,Fairy]Rayquaza||ClearAmulet|AirLock|ExtremeSpeed,DragonAscent,SwordsDance,Protect||||||50|,,,,,Normal]Farigiraf||ElectricSeed|ArmorTail|Psychic,FoulPlay,HelpingHand,TrickRoom|||F|||50|,,,,,Water]Iron Hands||AssaultVest|QuarkDrive|FakeOut,LowKick,DrainPunch,HeavySlam||||||50|,,,,,Water]Chien-Pao||FocusSash|SwordofRuin|IcicleCrash,SuckerPunch,ThroatChop,Protect||||||50|,,,,,Ghost]Ogerpon-Hearthflame||HearthflameMask|MoldBreaker|IvyCudgel,WoodHammer,FollowMe,SpikyShield|||F|||50|,,,,,Fire\n|inactive|Battle timer is ON: inactive players will automatically lose when time's up. (requested by The10Zin)\n|inactive|rayraydon has 60 seconds left.\n|inactive|The10Zin has 60 seconds left.\n|inactive|rayraydon has 30 seconds left.\n|\n|t:|1746015048\n|start\n|switch|p1a: I AM STEVE|Iron Valiant, L50|100/100\n|switch|p1b: CHICKEN JOCKEY|Calyrex-Ice, L50|100/100\n|switch|p2a: Miraidon|Miraidon, L50|100/100\n|switch|p2b: Farigiraf|Farigiraf, L50, F|100/100\n|-ability|p1b: CHICKEN JOCKEY|As One\n|-ability|p1b: CHICKEN JOCKEY|Unnerve\n|-fieldstart|move: Electric Terrain|[from] ability: Hadron Engine|[of] p2a: Miraidon\n|-activate|p1a: I AM STEVE|ability: Quark Drive\n|-start|p1a: I AM STEVE|quarkdrivespe\n|-enditem|p2b: Farigiraf|Electric Seed\n|-boost|p2b: Farigiraf|def|1|[from] item: Electric Seed\n|turn|1\n|inactive|rayraydon has 30 seconds left.\n|inactive|The10Zin has 30 seconds left.\n|inactive|rayraydon has 20 seconds left.\n|inactive|The10Zin has 20 seconds left.\n|inactive|rayraydon has 15 seconds left.\n|inactive|rayraydon has 10 seconds left.\n|\n|t:|1746015095\n|switch|p1b: Randorosu|Landorus, L50, M|100/100\n|-terastallize|p2a: Miraidon|Fairy\n|move|p1a: I AM STEVE|Spirit Break|p2a: Miraidon\n|-damage|p2a: Miraidon|71/100\n|-unboost|p2a: Miraidon|spa|1\n|move|p2a: Miraidon|Draco Meteor|p1b: Randorosu\n|-damage|p1b: Randorosu|0 fnt\n|-unboost|p2a: Miraidon|spa|2\n|faint|p1b: Randorosu\n|move|p2b: Farigiraf|Psychic|p1a: I AM STEVE\n|-supereffective|p1a: I AM STEVE\n|-damage|p1a: I AM STEVE|8/100\n|\n|upkeep\n|\n|t:|1746015117\n|switch|p1b: Skee yee|Miraidon, L50|100/100\n|-activate|p1b: Skee yee|ability: Hadron Engine\n|turn|2\n|inactive|rayraydon has 30 seconds left.\n|\n|t:|1746015143\n|switch|p2a: Chien-Pao|Chien-Pao, L50|100/100\n|-ability|p2a: Chien-Pao|Sword of Ruin\n|-terastallize|p1b: Skee yee|Fairy\n|move|p1a: I AM STEVE|Coaching|p1b: Skee yee\n|-boost|p1b: Skee yee|atk|1\n|-boost|p1b: Skee yee|def|1\n|move|p1b: Skee yee|Dazzling Gleam|p2b: Farigiraf|[spread] p2a,p2b\n|-supereffective|p2a: Chien-Pao\n|-enditem|p2a: Chien-Pao|Focus Sash\n|-damage|p2a: Chien-Pao|1/100\n|-damage|p2b: Farigiraf|39/100\n|move|p2b: Farigiraf|Psychic|p1a: I AM STEVE\n|-supereffective|p1a: I AM STEVE\n|-damage|p1a: I AM STEVE|0 fnt\n|faint|p1a: I AM STEVE\n|-end|p1a: I AM STEVE|Quark Drive|[silent]\n|\n|upkeep\n|\n|t:|1746015161\n|switch|p1a: CHICKEN JOCKEY|Calyrex-Ice, L50|100/100\n|-ability|p1a: CHICKEN JOCKEY|As One\n|-ability|p1a: CHICKEN JOCKEY|Unnerve\n|turn|3\n|\n|t:|1746015181\n|move|p1a: CHICKEN JOCKEY|Protect|p1a: CHICKEN JOCKEY\n|-singleturn|p1a: CHICKEN JOCKEY|Protect\n|move|p2a: Chien-Pao|Icicle Crash|p1b: Skee yee|[miss]\n|-miss|p2a: Chien-Pao|p1b: Skee yee\n|move|p1b: Skee yee|Dazzling Gleam|p2b: Farigiraf|[spread] p2a,p2b\n|-supereffective|p2a: Chien-Pao\n|-damage|p2a: Chien-Pao|0 fnt\n|-damage|p2b: Farigiraf|0 fnt\n|faint|p2a: Chien-Pao\n|faint|p2b: Farigiraf\n|\n|upkeep\n|\n|t:|1746015186\n|switch|p2a: Miraidon|Miraidon, L50, tera:Fairy|71/100\n|switch|p2b: Rayquaza|Rayquaza, L50|100/100\n|-activate|p2a: Miraidon|ability: Hadron Engine\n|-ability|p2b: Rayquaza|Air Lock\n|turn|4\n|\n|t:|1746015201\n|move|p2a: Miraidon|Electro Drift|p1b: Skee yee\n|-crit|p1b: Skee yee\n|-damage|p1b: Skee yee|0 fnt\n|faint|p1b: Skee yee\n|move|p2b: Rayquaza|Dragon Ascent|p1a: CHICKEN JOCKEY\n|-damage|p1a: CHICKEN JOCKEY|55/100\n|-unboost|p2b: Rayquaza|def|1\n|-unboost|p2b: Rayquaza|spd|1\n|move|p1a: CHICKEN JOCKEY|Glacial Lance|p2a: Miraidon|[spread] p2a,p2b\n|-supereffective|p2b: Rayquaza\n|-damage|p2a: Miraidon|9/100\n|-damage|p2b: Rayquaza|0 fnt\n|faint|p2b: Rayquaza\n|-ability|p1a: CHICKEN JOCKEY|Chilling Neigh|boost\n|-boost|p1a: CHICKEN JOCKEY|atk|1\n|\n|upkeep\n|turn|5\n|\n|t:|1746015217\n|move|p2a: Miraidon|Electro Drift|p1a: CHICKEN JOCKEY\n|-damage|p1a: CHICKEN JOCKEY|0 fnt\n|faint|p1a: CHICKEN JOCKEY\n|\n|win|rayraydon\n||rayraydon is ready for game 3.\n||The10Zin is ready for game 3.\n|uhtml|next|Next: <a href=\"/battle-gen9vgc2025regibo3-2353887972\"><strong>Game 3 of 3</strong></a>\n|l|\u2606The10Zin\n|player|p1|\n", "uploadtime": 1746015498, "views": 7, "formatid": "gen9vgc2025regibo3", "rating": null, "private": 0, "password": null}