{"id": "gen9vgc2025regibo3-2353764426", "format": "[Gen 9] VGC 2025 Reg I (Bo3)", "players": ["imapiglin", "sharkym02"], "log": "|j|\u2606imapiglin\n|j|\u2606sharkym02\n|html|<table width=\"100%\"><tr><td align=\"left\">imapiglin</td><td align=\"right\">sharkym02</tr><tr><td align=\"left\"><i class=\"fa fa-circle-o\"></i> <i class=\"fa fa-circle-o\"></i> </td><td align=\"right\"><i class=\"fa fa-circle-o\"></i> <i class=\"fa fa-circle-o\"></i> </tr></table>\n|uhtml|bestof|<h2><strong>Game 1</strong> of <a href=\"/game-bestof3-gen9vgc2025regibo3-2353764425\">a best-of-3</a></h2>\n|t:|1745996053\n|gametype|doubles\n|player|p1|imapiglin|skierf|1006\n|player|p2|sharkym02|266|1076\n|teamsize|p1|6\n|teamsize|p2|6\n|gen|9\n|tier|[Gen 9] VGC 2025 Reg I (Bo3)\n|rated|\n|rule|Species Clause: Limit one of each Pok\u00e9mon\n|rule|Item Clause: Limit 1 of each item\n|clearpoke\n|poke|p1|Calyrex-Shadow, L50|\n|poke|p1|Koraidon, L50|\n|poke|p1|Cinderace, L50, F|\n|poke|p1|Revavroom, L50, F|\n|poke|p1|Roaring Moon, L50|\n|poke|p1|Urshifu-*, L50, M|\n|poke|p2|Zamazenta-*, L50|\n|poke|p2|Tornadus, L50, M|\n|poke|p2|Calyrex-Shadow, L50|\n|poke|p2|Rillaboom, L50, F|\n|poke|p2|Urshifu-*, L50, F|\n|poke|p2|Raging Bolt, L50|\n|teampreview|4\n|showteam|p1|Calyrex-Shadow||FocusSash|AsOneSpectrier|AstralBarrage,PollenPuff,Psychic,DarkPulse||||||50|,,,,,Ghost]Koraidon||ChoiceScarf|OrichalcumPulse|CollisionCourse,FlareBlitz,CloseCombat,ScaleShot||||||50|,,,,,Fire]Cinderace||AssaultVest|Libero|PyroBall,ScorchingSands,GunkShot,LowSweep|||F|||50|,,,,,Fire]Revavroom||ClearAmulet|Overcoat|SpinOut,GunkShot,HighHorsepower,PoisonJab|||F|||50|,,,,,Grass]Roaring Moon||BoosterEnergy|Protosynthesis|Tailwind,KnockOff,DragonClaw,Acrobatics||||||50|,,,,,Poison]Urshifu-Rapid-Strike||CovertCloak|UnseenFist|CloseCombat,SurgingStrikes,BrickBreak,IceSpinner|||M|||50|,,,,,Water\n|showteam|p2|Zamazenta-Crowned||RustedShield|DauntlessShield|BodyPress,HeavySlam,WideGuard,Protect||||||50|,,,,,Dragon]Tornadus||CovertCloak|Prankster|BleakwindStorm,Tailwind,Taunt,RainDance|||M|||50|,,,,,Dark]Calyrex-Shadow||FocusSash|AsOneSpectrier|AstralBarrage,Psychic,NastyPlot,Protect||||||50|,,,,,Dark]Rillaboom||AssaultVest|GrassySurge|GrassyGlide,WoodHammer,KnockOff,FakeOut|||F|||50|,,,,,Fire]Urshifu-Rapid-Strike||ChoiceScarf|UnseenFist|SurgingStrikes,CloseCombat,Uturn,PoisonJab|||F|||50|,,,,,Water]Raging Bolt||BoosterEnergy|Protosynthesis|Thunderclap,Thunderbolt,DracoMeteor,Protect||||||50|,,,,,Electric\n|inactive|Battle timer is ON: inactive players will automatically lose when time's up. (requested by imapiglin)\n|\n|t:|1745996081\n|start\n|switch|p1a: Wolfe|Koraidon, L50|100/100\n|switch|p1b: Eclipse|Roaring Moon, L50|100/100\n|switch|p2a: Calyrex|Calyrex-Shadow, L50|100/100\n|switch|p2b: Tornadus|Tornadus, L50, M|100/100\n|-ability|p2a: Calyrex|As One\n|-ability|p2a: Calyrex|Unnerve\n|-weather|SunnyDay|[from] ability: Orichalcum Pulse|[of] p1a: Wolfe\n|-activate|p1b: Eclipse|ability: Protosynthesis\n|-start|p1b: Eclipse|protosynthesisspe\n|-activate|p1a: Wolfe|Orichalcum Pulse|[source]\n|turn|1\n|inactive|imapiglin has 30 seconds left.\n|\n|t:|1745996107\n|-terastallize|p2a: Calyrex|Dark\n|move|p2b: Tornadus|Tailwind|p2b: Tornadus\n|-sidestart|p2: sharkym02|move: Tailwind\n|move|p2a: Calyrex|Psychic|p1a: Wolfe\n|-supereffective|p1a: Wolfe\n|-damage|p1a: Wolfe|0 fnt\n|faint|p1a: Wolfe\n|-ability|p2a: Calyrex|Grim Neigh|boost\n|-boost|p2a: Calyrex|spa|1\n|move|p1b: Eclipse|Knock Off|p2a: Calyrex\n|-resisted|p2a: Calyrex\n|-damage|p2a: Calyrex|73/100\n|-enditem|p2a: Calyrex|Focus Sash|[from] move: Knock Off|[of] p1b: Eclipse\n|\n|-weather|SunnyDay|[upkeep]\n|upkeep\n|\n|t:|1745996127\n|switch|p1a: Skorch|Cinderace, L50, F|100/100\n|turn|2\n|\n|t:|1745996141\n|move|p2b: Tornadus|Taunt|p1b: Eclipse\n|-hint|Since gen 7, Dark is immune to Prankster moves.\n|-immune|p1b: Eclipse\n|move|p2a: Calyrex|Astral Barrage|p1b: Eclipse|[spread] p1a,p1b\n|-resisted|p1b: Eclipse\n|-damage|p1a: Skorch|36/100\n|-damage|p1b: Eclipse|68/100\n|move|p1b: Eclipse|Tailwind|p1b: Eclipse\n|-sidestart|p1: imapiglin|move: Tailwind\n|move|p1a: Skorch|Low Sweep|p2a: Calyrex\n|-start|p1a: Skorch|typechange|Fighting|[from] ability: Libero\n|-supereffective|p2a: Calyrex\n|-damage|p2a: Calyrex|0 fnt\n|faint|p2a: Calyrex\n|\n|-weather|SunnyDay|[upkeep]\n|upkeep\n|\n|t:|1745996143\n|switch|p2a: Urshifu|Urshifu-Rapid-Strike, L50, F|100/100\n|turn|3\n|inactive|imapiglin has 30 seconds left.\n|inactive|imapiglin has 20 seconds left.\n|\n|t:|1745996181\n|move|p1b: Eclipse|Knock Off|p2a: Urshifu\n|-resisted|p2a: Urshifu\n|-damage|p2a: Urshifu|74/100\n|-enditem|p2a: Urshifu|Choice Scarf|[from] move: Knock Off|[of] p1b: Eclipse\n|move|p1a: Skorch|Low Sweep|p2a: Urshifu\n|-damage|p2a: Urshifu|38/100\n|-unboost|p2a: Urshifu|spe|1\n|move|p2b: Tornadus|Bleakwind Storm|p1b: Eclipse|[spread] p1a,p1b\n|-supereffective|p1a: Skorch\n|-damage|p1a: Skorch|0 fnt\n|-damage|p1b: Eclipse|42/100\n|faint|p1a: Skorch\n|move|p2a: Urshifu|U-turn|p1b: Eclipse\n|-supereffective|p1b: Eclipse\n|-damage|p1b: Eclipse|0 fnt\n|faint|p1b: Eclipse\n|-end|p1b: Eclipse|Protosynthesis|[silent]\n|\n|t:|1745996187\n|switch|p2a: Raging Bolt|Raging Bolt, L50|100/100|[from] U-turn\n|-activate|p2a: Raging Bolt|ability: Protosynthesis\n|-start|p2a: Raging Bolt|protosynthesisspa\n|\n|-weather|SunnyDay|[upkeep]\n|upkeep\n|\n|t:|1745996200\n|switch|p1a: Glick|Calyrex-Shadow, L50|100/100\n|-ability|p1a: Glick|As One\n|-ability|p1a: Glick|Unnerve\n|turn|4\n|inactive|sharkym02 has 30 seconds left.\n|\n|t:|1745996229\n|-terastallize|p1a: Glick|Ghost\n|move|p1a: Glick|Astral Barrage|p2b: Tornadus|[spread] p2a,p2b\n|-damage|p2a: Raging Bolt|33/100\n|-damage|p2b: Tornadus|18/100\n|move|p2b: Tornadus|Bleakwind Storm|p1a: Glick\n|-damage|p1a: Glick|59/100\n|-unboost|p1a: Glick|spe|1\n|move|p2a: Raging Bolt|Draco Meteor|p1a: Glick\n|-damage|p1a: Glick|0 fnt\n|-unboost|p2a: Raging Bolt|spa|2\n|faint|p1a: Glick\n|\n|win|sharkym02\n||sharkym02 is ready for game 2.\n|inactive|imapiglin has 30 seconds to confirm battle start!\n||imapiglin is ready for game 2.\n|uhtml|next|Next: <a href=\"/battle-gen9vgc2025regibo3-2353765597\"><strong>Game 2 of 3</strong></a>\n|l|\u2606imapiglin\n|player|p1|\n", "uploadtime": 1745996590, "views": 7, "formatid": "gen9vgc2025regibo3", "rating": null, "private": 0, "password": null}