{"id": "gen9vgc2025regibo3-2354255477", "format": "[Gen 9] VGC 2025 Reg I (Bo3)", "players": ["Blackout6868", "HunterOnShowdown"], "log": "|j|\u2606Blackout6868\n|j|\u2606HunterOnShowdown\n|html|<table width=\"100%\"><tr><td align=\"left\">Blackout6868</td><td align=\"right\">HunterOnShowdown</tr><tr><td align=\"left\"><i class=\"fa fa-circle\"></i> <i class=\"fa fa-circle-o\"></i> </td><td align=\"right\"><i class=\"fa fa-circle-o\"></i> <i class=\"fa fa-circle\"></i> </tr></table>\n|uhtml|bestof|<h2><strong>Game 3</strong> of <a href=\"/game-bestof3-gen9vgc2025regibo3-2354252845\">a best-of-3</a></h2>\n|t:|1746049620\n|gametype|doubles\n|player|p1|Blackout6868|170|1158\n|player|p2|HunterOnShowdown|hilbert-masters2|1187\n|teamsize|p1|6\n|teamsize|p2|6\n|gen|9\n|tier|[Gen 9] VGC 2025 Reg I (Bo3)\n|rated|\n|rule|Species Clause: Limit one of each Pok\u00e9mon\n|rule|Item Clause: Limit 1 of each item\n|clearpoke\n|poke|p1|Calyrex-Shadow, L50|\n|poke|p1|Miraidon, L50|\n|poke|p1|Tornadus, L50, M|\n|poke|p1|Urshifu-*, L50, M|\n|poke|p1|Iron Hands, L50|\n|poke|p1|Ogerpon-Hearthflame, L50, F|\n|poke|p2|Reshiram, L50|\n|poke|p2|Terapagos, L50, M|\n|poke|p2|Whimsicott, L50, F|\n|poke|p2|Ogerpon-Wellspring, L50, F|\n|poke|p2|Indeedee-F, L50, F|\n|poke|p2|Urshifu-*, L50, M|\n|teampreview|4\n|showteam|p1|Calyrex-Shadow||FocusSash|AsOneSpectrier|AstralBarrage,Psychic,DrainingKiss,Protect||||||50|,,,,,Fairy]Miraidon||ChoiceSpecs|HadronEngine|ElectroDrift,VoltSwitch,DracoMeteor,DazzlingGleam||||||50|,,,,,Fairy]Tornadus||CovertCloak|Prankster|Tailwind,RainDance,BleakwindStorm,ScaryFace|||M|||50|,,,,,Dark]Urshifu-Rapid-Strike||ChoiceScarf|UnseenFist|AquaJet,SurgingStrikes,CloseCombat,Uturn|||M|||50|,,,,,Water]Iron Hands||AssaultVest|QuarkDrive|FakeOut,DrainPunch,LowKick,WildCharge||||||50|,,,,,Water]Ogerpon-Hearthflame||HearthflameMask|MoldBreaker|HornLeech,IvyCudgel,FollowMe,SpikyShield|||F|||50|,,,,,Fire\n|showteam|p2|Reshiram||FlamePlate|Turboblaze|BlueFlare,DracoMeteor,EarthPower,Protect||||||50|,,,,,Fairy]Terapagos||Leftovers|TeraShift|Protect,TeraStarstorm,DarkPulse,CalmMind|||M|||50|,,,,,Stellar]Whimsicott||CovertCloak|Prankster|Tailwind,Moonblast,LightScreen,Encore|||F|||50|,,,,,Dark]Ogerpon-Wellspring||WellspringMask|WaterAbsorb|IvyCudgel,SpikyShield,HornLeech,FollowMe|||F|||50|,,,,,Water]Indeedee-F||RockyHelmet|PsychicSurge|FollowMe,HelpingHand,TrickRoom,Psychic|||F|||50|,,,,,Fire]Urshifu-Rapid-Strike||MysticWater|UnseenFist|Detect,CloseCombat,SurgingStrikes,Taunt|||M|||50|,,,,,Water\n|inactive|Battle timer is ON: inactive players will automatically lose when time's up. (requested by HunterOnShowdown)\n|inactive|Blackout6868 also wants the timer to be on.\n|\n|t:|1746049628\n|start\n|switch|p1a: Tornadus|Tornadus, L50, M|100/100\n|switch|p1b: Ogerpon|Ogerpon-Hearthflame, L50, F|100/100\n|switch|p2a: Reshiram|Reshiram, L50|100/100\n|switch|p2b: Whimsicott|Whimsicott, L50, F|100/100\n|-ability|p1b: Ogerpon|Mold Breaker\n|-ability|p2a: Reshiram|Turboblaze\n|turn|1\n|\n|t:|1746049648\n|switch|p2b: Urshifu|Urshifu-Rapid-Strike, L50, M|100/100\n|move|p1a: Tornadus|Bleakwind Storm|p2a: Reshiram|[spread] p2a,p2b\n|-supereffective|p2b: Urshifu\n|-damage|p2a: Reshiram|72/100\n|-damage|p2b: Urshifu|11/100\n|-unboost|p2b: Urshifu|spe|1\n|move|p1b: Ogerpon|Ivy Cudgel|p2b: Urshifu|[anim] Ivy Cudgel Fire\n|-resisted|p2b: Urshifu\n|-damage|p2b: Urshifu|0 fnt\n|faint|p2b: Urshifu\n|move|p2a: Reshiram|Blue Flare|p1a: Tornadus\n|-damage|p1a: Tornadus|0 fnt\n|faint|p1a: Tornadus\n|\n|upkeep\n|\n|t:|1746049654\n|switch|p1a: Calyrex|Calyrex-Shadow, L50|100/100\n|switch|p2b: Whimsicott|Whimsicott, L50, F|100/100\n|-ability|p1a: Calyrex|As One\n|-ability|p1a: Calyrex|Unnerve\n|turn|2\n|\n|t:|1746049662\n|move|p2a: Reshiram|Protect|p2a: Reshiram\n|-singleturn|p2a: Reshiram|Protect\n|move|p2b: Whimsicott|Tailwind|p2b: Whimsicott\n|-sidestart|p2: HunterOnShowdown|move: Tailwind\n|move|p1a: Calyrex|Astral Barrage|p2a: Reshiram|[spread] p2b\n|-activate|p2a: Reshiram|move: Protect\n|-damage|p2b: Whimsicott|34/100\n|move|p1b: Ogerpon|Ivy Cudgel|p2b: Whimsicott|[anim] Ivy Cudgel Fire\n|-supereffective|p2b: Whimsicott\n|-damage|p2b: Whimsicott|0 fnt\n|faint|p2b: Whimsicott\n|\n|upkeep\n|\n|t:|1746049665\n|switch|p2b: Terapagos|Terapagos, L50, M|100/100\n|-activate|p2b: Terapagos|ability: Tera Shift\n|detailschange|p2b: Terapagos|Terapagos-Terastal, L50, M\n|-heal|p2b: Terapagos|100/100|[silent]\n|turn|3\n|\n|t:|1746049687\n|-terastallize|p1b: Ogerpon|Fire\n|detailschange|p1b: Ogerpon|Ogerpon-Hearthflame-Tera, L50, F, tera:Fire\n|-ability|p1b: Ogerpon|Embody Aspect (Hearthflame)|boost\n|-boost|p1b: Ogerpon|atk|1\n|move|p2a: Reshiram|Blue Flare|p1b: Ogerpon\n|-resisted|p1b: Ogerpon\n|-damage|p1b: Ogerpon|50/100\n|move|p2b: Terapagos|Calm Mind|p2b: Terapagos\n|-boost|p2b: Terapagos|spa|1\n|-boost|p2b: Terapagos|spd|1\n|move|p1a: Calyrex|Draining Kiss|p2b: Terapagos\n|-activate|p2b: Terapagos|ability: Tera Shell\n|-resisted|p2b: Terapagos\n|-damage|p2b: Terapagos|94/100\n|move|p1b: Ogerpon|Ivy Cudgel|p2b: Terapagos|[anim] Ivy Cudgel Fire\n|-damage|p2b: Terapagos|0 fnt\n|faint|p2b: Terapagos\n|\n|upkeep\n|turn|4\n|\n|t:|1746049706\n|move|p2a: Reshiram|Blue Flare|p1a: Calyrex\n|-damage|p1a: Calyrex|15/100\n|-status|p1a: Calyrex|brn\n|move|p1a: Calyrex|Astral Barrage|p2a: Reshiram\n|-damage|p2a: Reshiram|8/100\n|move|p1b: Ogerpon|Ivy Cudgel|p2a: Reshiram|[anim] Ivy Cudgel Fire\n|-resisted|p2a: Reshiram\n|-damage|p2a: Reshiram|0 fnt\n|faint|p2a: Reshiram\n|\n|win|Blackout6868\n|raw|Blackout6868's rating: 1158 &rarr; <strong>1185</strong><br />(+27 for winning)\n|raw|HunterOnShowdown's rating: 1187 &rarr; <strong>1160</strong><br />(-27 for losing)\n|l|\u2606HunterOnShowdown\n|player|p2|\n|l|\u2606Blackout6868\n|player|p1|\n", "uploadtime": 1746050053, "views": 11, "formatid": "gen9vgc2025regibo3", "rating": 1160, "private": 0, "password": null}