{"id": "gen9vgc2025regibo3-2354427917", "format": "[Gen 9] VGC 2025 Reg I (Bo3)", "players": ["damage77", "Namsnurb"], "log": "|j|\u2606damage77\n|j|\u2606Namsnurb\n|html|<table width=\"100%\"><tr><td align=\"left\">damage77</td><td align=\"right\">Namsnurb</tr><tr><td align=\"left\"><i class=\"fa fa-circle\"></i> <i class=\"fa fa-circle-o\"></i> </td><td align=\"right\"><i class=\"fa fa-circle-o\"></i> <i class=\"fa fa-circle-o\"></i> </tr></table>\n|uhtml|bestof|<h2><strong>Game 2</strong> of <a href=\"/game-bestof3-gen9vgc2025regibo3-2354425790\">a best-of-3</a></h2>\n|t:|1746070258\n|gametype|doubles\n|player|p1|damage77|flint|1144\n|player|p2|Namsnurb|alder|1110\n|teamsize|p1|6\n|teamsize|p2|6\n|gen|9\n|tier|[Gen 9] VGC 2025 Reg I (Bo3)\n|rated|\n|rule|Species Clause: Limit one of each Pok\u00e9mon\n|rule|Item Clause: Limit 1 of each item\n|clearpoke\n|poke|p1|Calyrex-Shadow, L50|\n|poke|p1|Koraidon, L50|\n|poke|p1|Brute Bonnet, L50|\n|poke|p1|Raging Bolt, L50|\n|poke|p1|Incineroar, L50, F|\n|poke|p1|Ogerpon-Cornerstone, L50, F|\n|poke|p2|Calyrex-Ice, L50|\n|poke|p2|Tornadus, L50, M|\n|poke|p2|Amoonguss, L50, M|\n|poke|p2|Ogerpon-Cornerstone, L50, F|\n|poke|p2|Miraidon, L50|\n|poke|p2|Ditto, L50|\n|teampreview|4\n|showteam|p1|Calyrex-Shadow||FocusSash|AsOneSpectrier|AstralBarrage,Psychic,NastyPlot,Protect||||||50|,,,,,Ghost]Koraidon||LifeOrb|OrichalcumPulse|CloseCombat,FlareBlitz,FlameCharge,Protect||||||50|,,,,,Fire]Brute Bonnet||CovertCloak|Protosynthesis|Protect,SuckerPunch,Spore,RagePowder||||||50|,,,,,Water]Raging Bolt||AssaultVest|Protosynthesis|Thunderbolt,Thunderclap,DracoMeteor,Electroweb||||||50|,,,,,Bug]Incineroar||SafetyGoggles|Intimidate|KnockOff,FlareBlitz,PartingShot,FakeOut|||F|||50|,,,,,Ghost]Ogerpon-Cornerstone||CornerstoneMask|Sturdy|IvyCudgel,Taunt,FollowMe,SpikyShield|||F|||50|,,,,,Rock\n|showteam|p2|Calyrex-Ice||ClearAmulet|AsOneGlastrier|SwordsDance,Protect,GlacialLance,HighHorsepower||||||50|,,,,,Water]Tornadus||CovertCloak|Prankster|Taunt,Tailwind,BleakwindStorm,DarkPulse|||M|||50|,,,,,Dark]Amoonguss||RockyHelmet|EffectSpore|PollenPuff,SludgeBomb,Spore,RagePowder|||M|||50|,,,,,Water]Ogerpon-Cornerstone||CornerstoneMask|Sturdy|FollowMe,IvyCudgel,SpikyShield,PowerWhip|||F|||50|,,,,,Rock]Miraidon||ChoiceSpecs|HadronEngine|DazzlingGleam,Overheat,ElectroDrift,VoltSwitch||||||50|,,,,,Fairy]Ditto||ChoiceScarf|Imposter|Transform||||||50|,,,,,Normal\n|\n|t:|1746070298\n|start\n|switch|p1a: Calyrex|Calyrex-Shadow, L50|100/100\n|switch|p1b: Ogerpon|Ogerpon-Cornerstone, L50, F|100/100\n|switch|p2a: Calyrex|Calyrex-Ice, L50|100/100\n|switch|p2b: Tornadus|Tornadus, L50, M|100/100\n|-ability|p1a: Calyrex|As One\n|-ability|p1a: Calyrex|Unnerve\n|-ability|p2a: Calyrex|As One\n|-ability|p2a: Calyrex|Unnerve\n|turn|1\n|inactive|Battle timer is ON: inactive players will automatically lose when time's up. (requested by Namsnurb)\n|inactive|damage77 has 60 seconds left.\n|inactive|Namsnurb has 60 seconds left.\n|\n|t:|1746070338\n|-terastallize|p2a: Calyrex|Water\n|move|p2b: Tornadus|Tailwind|p2b: Tornadus\n|-sidestart|p2: Namsnurb|move: Tailwind\n|move|p1a: Calyrex|Astral Barrage|p2a: Calyrex|[spread] p2a,p2b\n|-damage|p2a: Calyrex|59/100\n|-damage|p2b: Tornadus|19/100\n|move|p1b: Ogerpon|Ivy Cudgel|p2b: Tornadus|[anim] Ivy Cudgel Rock\n|-supereffective|p2b: Tornadus\n|-crit|p2b: Tornadus\n|-damage|p2b: Tornadus|0 fnt\n|faint|p2b: Tornadus\n|move|p2a: Calyrex|Glacial Lance|p1b: Ogerpon|[spread] p1a,p1b\n|-supereffective|p1b: Ogerpon\n|-damage|p1a: Calyrex|20/100\n|-ability|p1b: Ogerpon|Sturdy\n|-damage|p1b: Ogerpon|1/100\n|\n|upkeep\n|\n|t:|1746070360\n|switch|p2b: Ditto|Ditto, L50|100/100\n|-transform|p2b: Ditto|p1a: Calyrex|[from] ability: Imposter\n|-ability|p2b: Ditto|As One\n|-ability|p2b: Ditto|Unnerve\n|turn|2\n|inactive|damage77 has 30 seconds left.\n|inactive|damage77 has 20 seconds left.\n|inactive|damage77 has 15 seconds left.\n|inactive|damage77 has 10 seconds left.\n|inactive|damage77 has 5 seconds left.\n|\n|t:|1746070418\n|move|p1a: Calyrex|Protect|p1a: Calyrex\n|-singleturn|p1a: Calyrex|Protect\n|move|p2b: Ditto|Astral Barrage|p1a: Calyrex|[spread] p1b\n|-activate|p1a: Calyrex|move: Protect\n|-damage|p1b: Ogerpon|0 fnt\n|faint|p1b: Ogerpon\n|-ability|p2b: Ditto|Grim Neigh|boost\n|-boost|p2b: Ditto|spa|1\n|move|p2a: Calyrex|Glacial Lance|p1a: Calyrex\n|-activate|p1a: Calyrex|move: Protect\n|\n|upkeep\n|\n|t:|1746070439\n|switch|p1b: Koraidon|Koraidon, L50|100/100\n|-weather|SunnyDay|[from] ability: Orichalcum Pulse|[of] p1b: Koraidon\n|-activate|p1b: Koraidon|Orichalcum Pulse|[source]\n|turn|3\n|\n|t:|1746070462\n|switch|p1a: Raging Bolt|Raging Bolt, L50|100/100\n|-activate|p1a: Raging Bolt|ability: Protosynthesis\n|-start|p1a: Raging Bolt|protosynthesisspa\n|move|p2b: Ditto|Astral Barrage|p1b: Koraidon|[spread] p1a,p1b\n|-damage|p1a: Raging Bolt|51/100\n|-damage|p1b: Koraidon|11/100\n|move|p1b: Koraidon|Close Combat|p2a: Calyrex\n|-damage|p2a: Calyrex|0 fnt\n|-unboost|p1b: Koraidon|def|1\n|-unboost|p1b: Koraidon|spd|1\n|faint|p2a: Calyrex\n|-damage|p1b: Koraidon|2/100|[from] item: Life Orb\n|\n|-weather|SunnyDay|[upkeep]\n|upkeep\n|\n|t:|1746070477\n|switch|p2a: Miraidon|Miraidon, L50|100/100\n|-fieldstart|move: Electric Terrain|[from] ability: Hadron Engine|[of] p2a: Miraidon\n|turn|4\n|inactive|damage77 has 30 seconds left.\n|inactive|damage77 has 20 seconds left.\n|\n|t:|1746070514\n|move|p1b: Koraidon|Protect|p1b: Koraidon\n|-singleturn|p1b: Koraidon|Protect\n|move|p1a: Raging Bolt|Thunderclap|p2b: Ditto\n|-damage|p2b: Ditto|25/100\n|move|p2b: Ditto|Astral Barrage|p1a: Raging Bolt|[spread] p1a\n|-activate|p1b: Koraidon|move: Protect\n|-damage|p1a: Raging Bolt|1/100\n|move|p2a: Miraidon|Dazzling Gleam|p1a: Raging Bolt|[spread] p1a\n|-activate|p1b: Koraidon|move: Protect\n|-supereffective|p1a: Raging Bolt\n|-damage|p1a: Raging Bolt|0 fnt\n|faint|p1a: Raging Bolt\n|-end|p1a: Raging Bolt|Protosynthesis|[silent]\n|\n|-weather|SunnyDay|[upkeep]\n|-sideend|p2: Namsnurb|move: Tailwind\n|upkeep\n|\n|t:|1746070524\n|switch|p1a: Calyrex|Calyrex-Shadow, L50|20/100\n|-ability|p1a: Calyrex|As One\n|-ability|p1a: Calyrex|Unnerve\n|turn|5\n|\n|t:|1746070533\n|move|p2b: Ditto|Astral Barrage|p1b: Koraidon|[spread] p1a,p1b\n|-supereffective|p1a: Calyrex\n|-damage|p1a: Calyrex|0 fnt\n|-damage|p1b: Koraidon|0 fnt\n|faint|p1a: Calyrex\n|faint|p1b: Koraidon\n|\n|win|Namsnurb\n||damage77 is ready for game 3.\n||Namsnurb is ready for game 3.\n|uhtml|next|Next: <a href=\"/battle-gen9vgc2025regibo3-2354429969\"><strong>Game 3 of 3</strong></a>\n", "uploadtime": 1746070845, "views": 7, "formatid": "gen9vgc2025regibo3", "rating": null, "private": 0, "password": null}