{"id": "gen9vgc2025regibo3-2354528829", "format": "[Gen 9] VGC 2025 Reg I (Bo3)", "players": ["Newrei", "Sky dragon guy!"], "log": "|j|\u2606Newrei\n|j|\u2606Sky dragon guy!\n|html|<table width=\"100%\"><tr><td align=\"left\">Newrei</td><td align=\"right\">Sky dragon guy!</tr><tr><td align=\"left\"><i class=\"fa fa-circle-o\"></i> <i class=\"fa fa-circle-o\"></i> </td><td align=\"right\"><i class=\"fa fa-circle-o\"></i> <i class=\"fa fa-circle-o\"></i> </tr></table>\n|uhtml|bestof|<h2><strong>Game 1</strong> of <a href=\"/game-bestof3-gen9vgc2025regibo3-2354528828\">a best-of-3</a></h2>\n|t:|1746088483\n|gametype|doubles\n|player|p1|Newrei|266|1028\n|player|p2|Sky dragon guy!|red|1025\n|teamsize|p1|6\n|teamsize|p2|6\n|gen|9\n|tier|[Gen 9] VGC 2025 Reg I (Bo3)\n|rated|\n|rule|Species Clause: Limit one of each Pok\u00e9mon\n|rule|Item Clause: Limit 1 of each item\n|clearpoke\n|poke|p1|Kyogre, L50|\n|poke|p1|Lunala, L50|\n|poke|p1|Grimmsnarl, L50, M|\n|poke|p1|Sinistcha-Masterpiece, L50|\n|poke|p1|Landorus-Therian, L50, M|\n|poke|p1|Tornadus, L50, M|\n|poke|p2|Krookodile, L50, F|\n|poke|p2|Meowscarada, L50, M|\n|poke|p2|Urshifu-*, L50, M|\n|poke|p2|Flamigo, L50, F|\n|poke|p2|Zamazenta-*, L50|\n|poke|p2|Calyrex-Ice, L50|\n|teampreview|4\n|showteam|p1|Kyogre||ChoiceSpecs|Drizzle|OriginPulse,WaterSpout,TeraBlast,Thunder||||||50|,,,,,Grass]Lunala||PowerHerb|ShadowShield|TeraBlast,WideGuard,MeteorBeam,MoongeistBeam||||||50|,,,,,Dark]Grimmsnarl||LightClay|Prankster|Reflect,LightScreen,ThunderWave,SuckerPunch|||M|||50|,,,,,Dark]Sinistcha-Masterpiece||Leftovers|Hospitality|Protect,MatchaGotcha,TrickRoom,Hex||||||50|,,,,,Fairy]Landorus-Therian||AssaultVest|Intimidate|Uturn,Earthquake,TeraBlast,HammerArm|||M|||50|,,,,,Flying]Tornadus||FocusSash|Prankster|BleakwindStorm,Protect,Tailwind,Uturn|||M|||50|,,,,,Dark\n|showteam|p2|Krookodile||SafetyGoggles|AngerPoint|Earthquake,PowerTrip,RockSlide,Protect|||F|||50|,,,,,Fire]Meowscarada||SitrusBerry|Protean|FlowerTrick,KnockOff,Uturn,Protect|||M|||50|,,,,,Water]Urshifu||FocusSash|UnseenFist|WickedBlow,SuckerPunch,CloseCombat,Coaching|||M|||50|,,,,,Dark]Flamigo||WhiteHerb|Costar|CloseCombat,BraveBird,Acrobatics,Protect|||F|||50|,,,,,Fighting]Zamazenta-Crowned||RustedShield|DauntlessShield|BodyPress,HeavySlam,WideGuard,IronDefense||||||50|,,,,,Grass]Calyrex-Ice||RockyHelmet|AsOneGlastrier|GlacialLance,HighHorsepower,HeavySlam,Protect||||||50|,,,,,Water\n|inactive|Battle timer is ON: inactive players will automatically lose when time's up. (requested by Sky dragon guy!)\n|inactive|Newrei has 60 seconds left.\n|c|\u2606Sky dragon guy!|Hi\n|\n|t:|1746088530\n|start\n|switch|p1a: Tornadus|Tornadus, L50, M|100/100\n|switch|p1b: Kyogre|Kyogre, L50|100/100\n|switch|p2a: Krookodile|Krookodile, L50, F, shiny|100/100\n|switch|p2b: Meowscarada|Meowscarada, L50, M, shiny|100/100\n|-weather|RainDance|[from] ability: Drizzle|[of] p1b: Kyogre\n|turn|1\n|inactive|Sky dragon guy! has 30 seconds left.\n|\n|t:|1746088559\n|-terastallize|p2a: Krookodile|Fire\n|move|p2b: Meowscarada|Flower Trick|p2a: Krookodile\n|-start|p2b: Meowscarada|typechange|Grass|[from] ability: Protean\n|-resisted|p2a: Krookodile\n|-crit|p2a: Krookodile\n|-damage|p2a: Krookodile|79/100\n|-setboost|p2a: Krookodile|atk|6|[from] ability: Anger Point\n|move|p1a: Tornadus|Bleakwind Storm|p2b: Meowscarada|[spread] p2a,p2b\n|-supereffective|p2b: Meowscarada\n|-damage|p2a: Krookodile|23/100\n|-damage|p2b: Meowscarada|0 fnt\n|-unboost|p2a: Krookodile|spe|1\n|faint|p2b: Meowscarada\n|move|p1b: Kyogre|Water Spout|p2a: Krookodile\n|-supereffective|p2a: Krookodile\n|-damage|p2a: Krookodile|0 fnt\n|faint|p2a: Krookodile\n|\n|-weather|RainDance|[upkeep]\n|upkeep\n|-message|Sky dragon guy! forfeited.\n|\n|win|Newrei\n|l|\u2606Sky dragon guy!\n|player|p2|\n|raw|Newrei's rating: 1028 &rarr; <strong>1063</strong><br />(+35 for winning)\n|raw|Sky dragon guy!'s rating: 1025 &rarr; <strong>1011</strong><br />(-14 for losing)\n", "uploadtime": 1746088921, "views": 12, "formatid": "gen9vgc2025regibo3", "rating": 1011, "private": 0, "password": null}