{"id": "gen9vgc2025regibo3-2354608136", "format": "[Gen 9] VGC 2025 Reg I (Bo3)", "players": ["teriyaki malarky", "HeZaR"], "log": "|j|\u2606teriyaki malarky\n|j|\u2606HeZaR\n|html|<table width=\"100%\"><tr><td align=\"left\">teriyaki malarky</td><td align=\"right\">HeZaR</tr><tr><td align=\"left\"><i class=\"fa fa-circle\"></i> <i class=\"fa fa-circle-o\"></i> </td><td align=\"right\"><i class=\"fa fa-circle-o\"></i> <i class=\"fa fa-circle-o\"></i> </tr></table>\n|uhtml|bestof|<h2><strong>Game 2</strong> of <a href=\"/game-bestof3-gen9vgc2025regibo3-2354606805\">a best-of-3</a></h2>\n|t:|1746102198\n|gametype|doubles\n|player|p1|teriyaki malarky|169|1132\n|player|p2|HeZaR|harlequin|1104\n|teamsize|p1|6\n|teamsize|p2|6\n|gen|9\n|tier|[Gen 9] VGC 2025 Reg I (Bo3)\n|rated|\n|rule|Species Clause: Limit one of each Pok\u00e9mon\n|rule|Item Clause: Limit 1 of each item\n|clearpoke\n|poke|p1|Groudon, L50|\n|poke|p1|Miraidon, L50|\n|poke|p1|Iron Hands, L50|\n|poke|p1|Whimsicott, L50, M|\n|poke|p1|Chi-Yu, L50|\n|poke|p1|Farigiraf, L50, M|\n|poke|p2|Koraidon, L50|\n|poke|p2|Armarouge, L50, F|\n|poke|p2|Indeedee-F, L50, F|\n|poke|p2|Torkoal, L50, F|\n|poke|p2|Calyrex-Ice, L50|\n|poke|p2|Brute Bonnet, L50|\n|teampreview|4\n|showteam|p1|Groudon||ClearAmulet|Drought|PrecipiceBlades,FirePunch,BulkUp,Protect||||||50|,,,,,Fire]Miraidon||ChoiceSpecs|HadronEngine|ElectroDrift,DazzlingGleam,VoltSwitch,DracoMeteor||||||50|,,,,,Fairy]Iron Hands||AssaultVest|QuarkDrive|LowKick,HeavySlam,WildCharge,FakeOut||||||50|,,,,,Grass]Whimsicott||FocusSash|Prankster|Moonblast,Tailwind,Encore,LightScreen|||M|||50|,,,,,Ghost]Chi-Yu||ChoiceScarf|BeadsofRuin|Overheat,HeatWave,DarkPulse,Snarl||||||50|,,,,,Ghost]Farigiraf||ElectricSeed|ArmorTail|FoulPlay,HelpingHand,TrickRoom,Psychic|||M|||50|,,,,,Fairy\n|showteam|p2|Koraidon||ChoiceScarf|OrichalcumPulse|CollisionCourse,FlareBlitz,Uturn||||||50|,,,,,Fire]Armarouge||WeaknessPolicy|WeakArmor|ExpandingForce,HeatWave,EnergyBall,Endure|||F|||50|,,,,,Grass]Indeedee-F||RockyHelmet|PsychicSurge|FollowMe,TrickRoom,HelpingHand,Psychic|||F|||50|,,,,,Grass]Torkoal|||Drought|Eruption,WeatherBall|||F|||50|,,,,,Fire]Calyrex-Ice||ClearAmulet|AsOneGlastrier|GlacialLance,HighHorsepower,TrickRoom,Protect||||||50|,,,,,Normal]Brute Bonnet||SitrusBerry|Protosynthesis|Spore,RagePowder,SeedBomb,SuckerPunch||||||50|,,,,,Fire\n|inactive|Battle timer is ON: inactive players will automatically lose when time's up. (requested by HeZaR)\n|inactive|teriyaki malarky has 60 seconds left.\n|\n|t:|1746102249\n|start\n|switch|p1a: Miraidon|Miraidon, L50|100/100\n|switch|p1b: Whimsicott|Whimsicott, L50, M|100/100\n|switch|p2a: Brute Bonnet|Brute Bonnet, L50|100/100\n|switch|p2b: Calyrex|Calyrex-Ice, L50|100/100\n|-ability|p2b: Calyrex|As One\n|-ability|p2b: Calyrex|Unnerve\n|-fieldstart|move: Electric Terrain|[from] ability: Hadron Engine|[of] p1a: Miraidon\n|turn|1\n|inactive|teriyaki malarky has 30 seconds left.\n|inactive|HeZaR has 30 seconds left.\n|inactive|teriyaki malarky has 20 seconds left.\n|inactive|teriyaki malarky has 15 seconds left.\n|inactive|teriyaki malarky has 10 seconds left.\n|inactive|teriyaki malarky has 5 seconds left.\n|\n|t:|1746102301\n|-end|p2a: Brute Bonnet|Protosynthesis|[silent]\n|switch|p2a: Indeedee|Indeedee-F, L50, F|100/100\n|-fieldstart|move: Psychic Terrain|[from] ability: Psychic Surge|[of] p2a: Indeedee\n|move|p1a: Miraidon|Draco Meteor|p2a: Indeedee\n|-damage|p2a: Indeedee|0 fnt\n|-unboost|p1a: Miraidon|spa|2\n|faint|p2a: Indeedee\n|move|p1b: Whimsicott|Moonblast|p2b: Calyrex\n|-damage|p2b: Calyrex|76/100\n|move|p2b: Calyrex|Trick Room|p2b: Calyrex\n|-fieldstart|move: Trick Room|[of] p2b: Calyrex\n|\n|upkeep\n|\n|t:|1746102313\n|switch|p2a: Torkoal|Torkoal, L50, F|100/100\n|-weather|SunnyDay|[from] ability: Drought|[of] p2a: Torkoal\n|turn|2\n|inactive|teriyaki malarky has 30 seconds left.\n|inactive|teriyaki malarky has 20 seconds left.\n|inactive|teriyaki malarky has 15 seconds left.\n|\n|t:|1746102353\n|switch|p1a: Chi-Yu|Chi-Yu, L50|100/100\n|-ability|p1a: Chi-Yu|Beads of Ruin\n|move|p1b: Whimsicott|Light Screen|p1b: Whimsicott\n|-sidestart|p1: teriyaki malarky|move: Light Screen\n|move|p2a: Torkoal|Eruption|p1b: Whimsicott|[spread] p1a,p1b\n|-resisted|p1a: Chi-Yu\n|-supereffective|p1b: Whimsicott\n|-damage|p1a: Chi-Yu|71/100\n|-enditem|p1b: Whimsicott|Focus Sash\n|-damage|p1b: Whimsicott|1/100\n|move|p2b: Calyrex|Glacial Lance|p1b: Whimsicott|[spread] p1a,p1b\n|-resisted|p1a: Chi-Yu\n|-supereffective|p1b: Whimsicott\n|-damage|p1a: Chi-Yu|24/100\n|-damage|p1b: Whimsicott|0 fnt\n|faint|p1b: Whimsicott\n|-ability|p2b: Calyrex|Chilling Neigh|boost\n|-boost|p2b: Calyrex|atk|1\n|\n|-weather|SunnyDay|[upkeep]\n|upkeep\n|inactive|teriyaki malarky has 30 seconds left.\n|inactive|teriyaki malarky has 20 seconds left.\n|\n|t:|1746102392\n|switch|p1b: Iron Hands|Iron Hands, L50|100/100\n|turn|3\n|\n|t:|1746102411\n|switch|p1a: Miraidon|Miraidon, L50|100/100\n|-fieldstart|move: Electric Terrain|[from] ability: Hadron Engine|[of] p1a: Miraidon\n|-activate|p1b: Iron Hands|ability: Quark Drive\n|-start|p1b: Iron Hands|quarkdriveatk\n|move|p1b: Iron Hands|Fake Out|p2b: Calyrex\n|-damage|p2b: Calyrex|64/100\n|move|p2a: Torkoal|Eruption|p1a: Miraidon|[spread] p1a,p1b\n|-resisted|p1a: Miraidon\n|-damage|p1a: Miraidon|80/100\n|-damage|p1b: Iron Hands|71/100\n|cant|p2b: Calyrex|flinch\n|\n|-weather|SunnyDay|[upkeep]\n|upkeep\n|turn|4\n|inactive|teriyaki malarky has 30 seconds left.\n|inactive|teriyaki malarky has 20 seconds left.\n|inactive|teriyaki malarky has 15 seconds left.\n|inactive|teriyaki malarky has 10 seconds left.\n|\n|t:|1746102457\n|-terastallize|p1a: Miraidon|Fairy\n|move|p2a: Torkoal|Eruption|p1b: Iron Hands|[spread] p1a,p1b\n|-damage|p1a: Miraidon|33/100\n|-damage|p1b: Iron Hands|43/100\n|move|p2b: Calyrex|Glacial Lance|p1a: Miraidon|[spread] p1a,p1b\n|-damage|p1a: Miraidon|0 fnt\n|-damage|p1b: Iron Hands|0 fnt\n|faint|p1a: Miraidon\n|faint|p1b: Iron Hands\n|-end|p1b: Iron Hands|Quark Drive|[silent]\n|-ability|p2b: Calyrex|Chilling Neigh|boost\n|-boost|p2b: Calyrex|atk|2\n|\n|-weather|SunnyDay|[upkeep]\n|upkeep\n|\n|t:|1746102469\n|switch|p1b: Chi-Yu|Chi-Yu, L50|24/100\n|-ability|p1b: Chi-Yu|Beads of Ruin\n|turn|5\n|\n|t:|1746102475\n|switch|p2a: Brute Bonnet|Brute Bonnet, L50|100/100\n|-activate|p2a: Brute Bonnet|ability: Protosynthesis\n|-start|p2a: Brute Bonnet|protosynthesisatk\n|move|p2b: Calyrex|High Horsepower|p1b: Chi-Yu\n|-supereffective|p1b: Chi-Yu\n|-damage|p1b: Chi-Yu|0 fnt\n|faint|p1b: Chi-Yu\n|\n|win|HeZaR\n||teriyaki malarky is ready for game 3.\n|inactive|HeZaR has 30 seconds to confirm battle start!\n||HeZaR is ready for game 3.\n|uhtml|next|Next: <a href=\"/battle-gen9vgc2025regibo3-2354610295\"><strong>Game 3 of 3</strong></a>\n|l|\u2606teriyaki malarky\n|player|p1|\n", "uploadtime": 1746102849, "views": 17, "formatid": "gen9vgc2025regibo3", "rating": null, "private": 0, "password": null}