{"id": "gen9vgc2025regibo3-2353968335", "format": "[Gen 9] VGC 2025 Reg I (Bo3)", "players": ["baggyaaron", "tg100"], "log": "|j|\u2606baggyaaron\n|j|\u2606tg100\n|html|<table width=\"100%\"><tr><td align=\"left\">baggyaaron</td><td align=\"right\">tg100</tr><tr><td align=\"left\"><i class=\"fa fa-circle\"></i> <i class=\"fa fa-circle-o\"></i> </td><td align=\"right\"><i class=\"fa fa-circle-o\"></i> <i class=\"fa fa-circle-o\"></i> </tr></table>\n|uhtml|bestof|<h2><strong>Game 2</strong> of <a href=\"/game-bestof3-gen9vgc2025regibo3-2353966116\">a best-of-3</a></h2>\n|t:|1746023524\n|gametype|doubles\n|player|p1|baggyaaron|169|1088\n|player|p2|tg100|169|1115\n|teamsize|p1|6\n|teamsize|p2|6\n|gen|9\n|tier|[Gen 9] VGC 2025 Reg I (Bo3)\n|rated|\n|rule|Species Clause: Limit one of each Pok\u00e9mon\n|rule|Item Clause: Limit 1 of each item\n|clearpoke\n|poke|p1|Sneasler, L50, F|\n|poke|p1|Indeedee-F, L50, F|\n|poke|p1|Calyrex-Ice, L50|\n|poke|p1|Armarouge, L50, F|\n|poke|p1|Archaludon, L50, F|\n|poke|p1|Miraidon, L50|\n|poke|p2|Chi-Yu, L50|\n|poke|p2|Flutter Mane, L50|\n|poke|p2|Koraidon, L50|\n|poke|p2|Lunala, L50|\n|poke|p2|Landorus-Therian, L50, M|\n|poke|p2|Kingambit, L50, M|\n|teampreview|4\n|showteam|p1|Sneasler||PsychicSeed|Unburden|DireClaw,CloseCombat,SwordsDance,Feint|||F|||50|,,,,,Flying]Indeedee-F||FocusSash|PsychicSurge|TrickRoom,FollowMe,HelpingHand,DazzlingGleam|||F|||50|,,,,,Fairy]Calyrex-Ice||ClearAmulet|AsOneGlastrier|GlacialLance,HighHorsepower,TrickRoom,Protect||||||50|,,,,,Fire]Armarouge||LifeOrb|FlashFire|ExpandingForce,ArmorCannon,WideGuard,Protect|||F|||50|,,,,,Grass]Archaludon||PowerHerb|Stalwart|ElectroShot,DracoMeteor,FlashCannon,BodyPress|||F|||50|,,,,,Fairy]Miraidon||AssaultVest|HadronEngine|ElectroDrift,DracoMeteor,VoltSwitch,Snarl||||||50|,,,,,Fairy\n|showteam|p2|Chi-Yu||ChoiceScarf|BeadsofRuin|HeatWave,DarkPulse,Overheat,Snarl||||||50|,,,,,Ghost]Flutter Mane||FocusSash|Protosynthesis|Moonblast,ShadowBall,IcyWind,Protect||||||50|,,,,,Fairy]Koraidon||ClearAmulet|OrichalcumPulse|CollisionCourse,FlareBlitz,FlameCharge,Protect||||||50|,,,,,Fire]Lunala||PowerHerb|ShadowShield|MoongeistBeam,MeteorBeam,WideGuard,TrickRoom||||||50|,,,,,Fairy]Landorus-Therian||ChoiceBand|Intimidate|Earthquake,StompingTantrum,RockSlide,Uturn|||M|||50|,,,,,Fairy]Kingambit||AssaultVest|Defiant|KowtowCleave,SuckerPunch,IronHead,TeraBlast|||M|||50|,,,,,Fairy\n|\n|t:|1746023546\n|start\n|switch|p1a: Indeedee|Indeedee-F, L50, F|100/100\n|switch|p1b: Calyrex|Calyrex-Ice, L50|100/100\n|switch|p2a: Kingambit|Kingambit, L50, M|100/100\n|switch|p2b: Landorus|Landorus-Therian, L50, M|100/100\n|-ability|p1b: Calyrex|As One\n|-ability|p1b: Calyrex|Unnerve\n|-ability|p2b: Landorus|Intimidate|boost\n|-unboost|p1a: Indeedee|atk|1\n|-fail|p1b: Calyrex|unboost|[from] item: Clear Amulet|[of] p1b: Calyrex\n|-fieldstart|move: Psychic Terrain|[from] ability: Psychic Surge|[of] p1a: Indeedee\n|turn|1\n|\n|t:|1746023572\n|move|p1a: Indeedee|Helping Hand|p1b: Calyrex\n|-singleturn|p1b: Calyrex|Helping Hand|[of] p1a: Indeedee\n|move|p2b: Landorus|Earthquake|p1a: Indeedee|[spread] p2a,p1a,p1b\n|-supereffective|p2a: Kingambit\n|-damage|p2a: Kingambit|4/100\n|-damage|p1a: Indeedee|29/100\n|-damage|p1b: Calyrex|58/100\n|move|p2a: Kingambit|Kowtow Cleave|p1b: Calyrex\n|-supereffective|p1b: Calyrex\n|-damage|p1b: Calyrex|0 fnt\n|faint|p1b: Calyrex\n|\n|upkeep\n|\n|t:|1746023582\n|switch|p1b: Armarouge|Armarouge, L50, F|100/100\n|turn|2\n|\n|t:|1746023600\n|move|p1b: Armarouge|Protect|p1b: Armarouge\n|-singleturn|p1b: Armarouge|Protect\n|move|p2b: Landorus|Earthquake|p1b: Armarouge|[spread] p2a,p1a\n|-activate|p1b: Armarouge|move: Protect\n|-supereffective|p2a: Kingambit\n|-damage|p2a: Kingambit|0 fnt\n|-damage|p1a: Indeedee|0 fnt\n|faint|p2a: Kingambit\n|faint|p1a: Indeedee\n|\n|upkeep\n|\n|t:|1746023608\n|switch|p1a: Archaludon|Archaludon, L50, F|100/100\n|switch|p2a: Lunala|Lunala, L50|100/100\n|turn|3\n|\n|t:|1746023655\n|move|p1b: Armarouge|Wide Guard|p1b: Armarouge\n|-singleturn|p1b: Armarouge|Wide Guard\n|move|p2b: Landorus|Earthquake|p1b: Armarouge|[spread] p2a\n|-activate|p1a: Archaludon|move: Wide Guard\n|-activate|p1b: Armarouge|move: Wide Guard\n|-damage|p2a: Lunala|75/100\n|move|p2a: Lunala|Meteor Beam||[still]\n|-prepare|p2a: Lunala|Meteor Beam\n|-boost|p2a: Lunala|spa|1\n|-enditem|p2a: Lunala|Power Herb\n|-anim|p2a: Lunala|Meteor Beam|p1b: Armarouge\n|-supereffective|p1b: Armarouge\n|-damage|p1b: Armarouge|0 fnt\n|faint|p1b: Armarouge\n|move|p1a: Archaludon|Body Press|p2b: Landorus\n|-resisted|p2b: Landorus\n|-damage|p2b: Landorus|88/100\n|\n|upkeep\n|turn|4\n|-message|baggyaaron forfeited.\n|\n|win|tg100\n|l|\u2606baggyaaron\n|player|p1|\n||baggyaaron is ready for game 3.\n||tg100 is ready for game 3.\n|uhtml|next|Next: <a href=\"/battle-gen9vgc2025regibo3-2353970014\"><strong>Game 3 of 3</strong></a>\n|l|\u2606tg100\n|player|p2|\n", "uploadtime": 1746024061, "views": 22, "formatid": "gen9vgc2025regibo3", "rating": null, "private": 0, "password": null}