{"id": "gen9vgc2025regibo3-2354788486", "format": "[Gen 9] VGC 2025 Reg I (Bo3)", "players": ["jousef9", "Vgcgen"], "log": "|j|\u2606jousef9\n|j|\u2606Vgcgen\n|html|<table width=\"100%\"><tr><td align=\"left\">jousef9</td><td align=\"right\">Vgcgen</tr><tr><td align=\"left\"><i class=\"fa fa-circle-o\"></i> <i class=\"fa fa-circle-o\"></i> </td><td align=\"right\"><i class=\"fa fa-circle-o\"></i> <i class=\"fa fa-circle-o\"></i> </tr></table>\n|uhtml|bestof|<h2><strong>Game 1</strong> of <a href=\"/game-bestof3-gen9vgc2025regibo3-2354788485\">a best-of-3</a></h2>\n|t:|1746119840\n|gametype|doubles\n|player|p1|jousef9|102|1112\n|player|p2|Vgcgen|169|1186\n|teamsize|p1|6\n|teamsize|p2|6\n|gen|9\n|tier|[Gen 9] VGC 2025 Reg I (Bo3)\n|rated|\n|rule|Species Clause: Limit one of each Pok\u00e9mon\n|rule|Item Clause: Limit 1 of each item\n|clearpoke\n|poke|p1|Kyurem-White, L50|\n|poke|p1|Zacian-*, L50|\n|poke|p1|Ninetales-Alola, L50, M|\n|poke|p1|Urshifu-*, L50, F|\n|poke|p1|Ogerpon-Cornerstone, L50, F|\n|poke|p1|Tornadus, L50, M|\n|poke|p2|Calyrex-Ice, L50|\n|poke|p2|Lunala, L50|\n|poke|p2|Indeedee-F, L50, F|\n|poke|p2|Ursaluna, L50, F|\n|poke|p2|Torkoal, L50, M|\n|poke|p2|Amoonguss, L50, M|\n|teampreview|4\n|showteam|p1|Kyurem-White||AssaultVest|Turboblaze|Blizzard,EarthPower,IceBeam,DracoMeteor||||||50|,,,,,Fairy]Zacian-Crowned||RustedSword|IntrepidSword|behemothblade,SacredSword,Protect,Crunch||||||50|,,,,,Fairy]Ninetales-Alola||LightClay|SnowWarning|Blizzard,Protect,AuroraVeil,Encore|||M|||50|,,,,,Water]Urshifu-Rapid-Strike||MysticWater|UnseenFist|CloseCombat,SurgingStrikes,Detect,Uturn|||F|||50|,,,,,Water]Ogerpon-Cornerstone||CornerstoneMask|Sturdy|IvyCudgel,PowerWhip,SpikyShield,FollowMe|||F|||50|,,,,,Rock]Tornadus||SitrusBerry|Prankster|Tailwind,BleakwindStorm,Protect,Taunt|||M|||50|,,,,,Dark\n|showteam|p2|Calyrex-Ice||ClearAmulet|AsOneGlastrier|GlacialLance,HighHorsepower,Protect,TrickRoom||||||50|,,,,,Fire]Lunala||PowerHerb|ShadowShield|MoongeistBeam,ExpandingForce,MeteorBeam,TrickRoom||||||50|,,,,,Grass]Indeedee-F||FocusSash|PsychicSurge|HelpingHand,TrickRoom,Psychic,FollowMe|||F|||50|,,,,,Grass]Ursaluna||FlameOrb|Guts|Earthquake,Facade,HeadlongRush,Protect|||F|||50|,,,,,Ghost]Torkoal||ChoiceSpecs|Drought|Eruption,HeatWave,WeatherBall,EarthPower|||M|||50|,,,,,Fire]Amoonguss||RockyHelmet|Regenerator|Spore,PollenPuff,RagePowder,SludgeBomb|||M|||50|,,,,,Water\n|inactive|Battle timer is ON: inactive players will automatically lose when time's up. (requested by Vgcgen)\n|\n|t:|1746119880\n|start\n|switch|p1a: Kyurem|Kyurem-White, L50|100/100\n|switch|p1b: Ninetales|Ninetales-Alola, L50, M, shiny|100/100\n|switch|p2a: Indeedee|Indeedee-F, L50, F|100/100\n|switch|p2b: Lunala|Lunala, L50|100/100\n|-weather|Snowscape|[from] ability: Snow Warning|[of] p1b: Ninetales\n|-ability|p1a: Kyurem|Turboblaze\n|-fieldstart|move: Psychic Terrain|[from] ability: Psychic Surge|[of] p2a: Indeedee\n|turn|1\n|inactive|jousef9 has 30 seconds left.\n|inactive|jousef9 has 20 seconds left.\n|\n|t:|1746119918\n|-terastallize|p1a: Kyurem|Fairy\n|move|p1b: Ninetales|Aurora Veil|p1b: Ninetales\n|-sidestart|p1: jousef9|move: Aurora Veil\n|move|p2b: Lunala|Meteor Beam||[still]\n|-prepare|p2b: Lunala|Meteor Beam\n|-boost|p2b: Lunala|spa|1\n|-enditem|p2b: Lunala|Power Herb\n|-anim|p2b: Lunala|Meteor Beam|p1a: Kyurem\n|-damage|p1a: Kyurem|77/100\n|move|p1a: Kyurem|Blizzard|p2b: Lunala|[spread] p2a,p2b\n|-damage|p2a: Indeedee|42/100\n|-damage|p2b: Lunala|80/100\n|move|p2a: Indeedee|Trick Room|p2a: Indeedee\n|-fieldstart|move: Trick Room|[of] p2a: Indeedee\n|\n|-weather|Snowscape|[upkeep]\n|upkeep\n|turn|2\n|\n|t:|1746119941\n|move|p2a: Indeedee|Helping Hand|p2b: Lunala\n|-singleturn|p2b: Lunala|Helping Hand|[of] p2a: Indeedee\n|move|p1a: Kyurem|Blizzard|p2b: Lunala|[spread] p2a,p2b\n|-damage|p2a: Indeedee|0 fnt\n|-damage|p2b: Lunala|41/100\n|faint|p2a: Indeedee\n|move|p2b: Lunala|Expanding Force|p1b: Ninetales|[spread] p1a,p1b\n|-damage|p1a: Kyurem|26/100\n|-damage|p1b: Ninetales|0 fnt\n|faint|p1b: Ninetales\n|\n|-weather|Snowscape|[upkeep]\n|upkeep\n|\n|t:|1746119955\n|switch|p2a: Torkoal|Torkoal, L50, M|100/100\n|switch|p1b: Zacian|Zacian-Crowned, L50|100/100\n|-weather|SunnyDay|[from] ability: Drought|[of] p2a: Torkoal\n|-ability|p1b: Zacian|Intrepid Sword|boost\n|-boost|p1b: Zacian|atk|1\n|turn|3\n|\n|t:|1746119969\n|move|p1b: Zacian|Protect|p1b: Zacian\n|-singleturn|p1b: Zacian|Protect\n|move|p2a: Torkoal|Eruption|p1b: Zacian|[spread] p1a\n|-activate|p1b: Zacian|move: Protect\n|-damage|p1a: Kyurem|0 fnt\n|faint|p1a: Kyurem\n|move|p2b: Lunala|Expanding Force|p1b: Zacian\n|-activate|p1b: Zacian|move: Protect\n|\n|-weather|SunnyDay|[upkeep]\n|upkeep\n|\n|t:|1746119979\n|switch|p1a: Urshifu|Urshifu-Rapid-Strike, L50, F|100/100\n|turn|4\n|\n|t:|1746119995\n|move|p2a: Torkoal|Eruption|p1a: Urshifu|[spread] p1a,p1b\n|-resisted|p1a: Urshifu\n|-supereffective|p1b: Zacian\n|-damage|p1a: Urshifu|48/100\n|-damage|p1b: Zacian|0 fnt\n|faint|p1b: Zacian\n|move|p2b: Lunala|Expanding Force|p1a: Urshifu\n|-supereffective|p1a: Urshifu\n|-damage|p1a: Urshifu|0 fnt\n|faint|p1a: Urshifu\n|\n|win|Vgcgen\n||jousef9 is ready for game 2.\n", "uploadtime": 1746120004, "views": 5, "formatid": "gen9vgc2025regibo3", "rating": null, "private": 0, "password": null}