{"id": "gen9vgc2025regibo3-2353574009", "format": "[Gen 9] VGC 2025 Reg I (Bo3)", "players": ["EtienneN7", "miraidons the goat"], "log": "|j|\u2606EtienneN7\n|j|\u2606miraidons the goat\n|html|<table width=\"100%\"><tr><td align=\"left\">EtienneN7</td><td align=\"right\">miraidons the goat</tr><tr><td align=\"left\"><i class=\"fa fa-circle\"></i> <i class=\"fa fa-circle-o\"></i> </td><td align=\"right\"><i class=\"fa fa-circle-o\"></i> <i class=\"fa fa-circle-o\"></i> </tr></table>\n|uhtml|bestof|<h2><strong>Game 2</strong> of <a href=\"/game-bestof3-gen9vgc2025regibo3-2353571533\">a best-of-3</a></h2>\n|t:|1745969989\n|gametype|doubles\n|player|p1|EtienneN7|dawn|1121\n|player|p2|miraidons the goat|lisia-masters|1230\n|teamsize|p1|6\n|teamsize|p2|6\n|gen|9\n|tier|[Gen 9] VGC 2025 Reg I (Bo3)\n|rated|\n|rule|Species Clause: Limit one of each Pok\u00e9mon\n|rule|Item Clause: Limit 1 of each item\n|clearpoke\n|poke|p1|Zamazenta-*, L50|\n|poke|p1|Incineroar, L50, F|\n|poke|p1|Tornadus, L50, M|\n|poke|p1|Urshifu-*, L50, F|\n|poke|p1|Groudon, L50|\n|poke|p1|Cresselia, L50, F|\n|poke|p2|Calyrex-Shadow, L50|\n|poke|p2|Koraidon, L50|\n|poke|p2|Chi-Yu, L50|\n|poke|p2|Indeedee-F, L50, F|\n|poke|p2|Whimsicott, L50, F|\n|poke|p2|Ditto, L50|\n|teampreview|4\n|showteam|p1|Zamazenta-Crowned||RustedShield|DauntlessShield|BodyPress,HeavySlam,WideGuard,IronDefense||||||50|,,,,,Ground]Incineroar||RockyHelmet|Intimidate|FakeOut,Uturn,DarkestLariat,WillOWisp|||F|||50|,,,,,Ghost]Tornadus||CovertCloak|Prankster|Tailwind,Taunt,BleakwindStorm,SunnyDay|||M|||50|,,,,,Flying]Urshifu-Rapid-Strike||FocusSash|UnseenFist|AquaJet,SurgingStrikes,Detect,CloseCombat|||F|||50|,,,,,Fighting]Groudon||ChoiceSpecs|Drought|Protect,EarthPower,Eruption,SolarBeam||||||50|,,,,,Grass]Cresselia||Leftovers|Levitate|Protect,HelpingHand,TrickRoom,IceBeam|||F|||50|,,,,,Psychic\n|showteam|p2|Calyrex-Shadow||ChoiceSpecs|AsOneSpectrier|AstralBarrage,ExpandingForce,PollenPuff,Psyshock||||||50|,,,,,Dark]Koraidon||LifeOrb|OrichalcumPulse|CloseCombat,FlareBlitz,DragonClaw,Protect||||||50|,,,,,Fire]Chi-Yu||ChoiceScarf|BeadsofRuin|Snarl,DarkPulse,HeatWave,Overheat||||||50|,,,,,Fire]Indeedee-F||PsychicSeed|PsychicSurge|FollowMe,TrickRoom,HelpingHand,ShadowBall|||F|||50|,,,,,Steel]Whimsicott||CovertCloak|Prankster|Tailwind,Encore,Moonblast,SunnyDay|||F|||50|,,,,,Dark]Ditto||FocusSash|Imposter|Transform||||||50|,,,,,Ghost\n|j| miardy\n|\n|t:|1745970023\n|start\n|switch|p1a: Cresselia|Cresselia, L50, F|100/100\n|switch|p1b: Incineroar|Incineroar, L50, F|100/100\n|switch|p2a: fat|Indeedee-F, L50, F, shiny|100/100\n|switch|p2b: mental trauma|Calyrex-Shadow, L50|100/100\n|-ability|p2b: mental trauma|As One\n|-ability|p2b: mental trauma|Unnerve\n|-fieldstart|move: Psychic Terrain|[from] ability: Psychic Surge|[of] p2a: fat\n|-enditem|p2a: fat|Psychic Seed\n|-boost|p2a: fat|spd|1|[from] item: Psychic Seed\n|-ability|p1b: Incineroar|Intimidate|boost\n|-unboost|p2a: fat|atk|1\n|-unboost|p2b: mental trauma|atk|1\n|turn|1\n|\n|t:|1745970072\n|move|p2a: fat|Follow Me|p2a: fat\n|-singleturn|p2a: fat|move: Follow Me\n|move|p2b: mental trauma|Astral Barrage|p1a: Cresselia|[spread] p1a,p1b\n|-supereffective|p1a: Cresselia\n|-resisted|p1b: Incineroar\n|-damage|p1a: Cresselia|16/100\n|-damage|p1b: Incineroar|65/100\n|move|p1b: Incineroar|Darkest Lariat|p2a: fat\n|-supereffective|p2a: fat\n|-damage|p2a: fat|32/100\n|move|p1a: Cresselia|Trick Room|p1a: Cresselia\n|-fieldstart|move: Trick Room|[of] p1a: Cresselia\n|\n|-heal|p1a: Cresselia|22/100|[from] item: Leftovers\n|upkeep\n|turn|2\n|j| zozordy\n|inactive|Battle timer is ON: inactive players will automatically lose when time's up. (requested by EtienneN7)\n|\n|t:|1745970141\n|-terastallize|p2b: mental trauma|Dark\n|move|p1a: Cresselia|Protect|p1a: Cresselia\n|-singleturn|p1a: Cresselia|Protect\n|move|p1b: Incineroar|Darkest Lariat|p2b: mental trauma\n|-resisted|p2b: mental trauma\n|-damage|p2b: mental trauma|81/100\n|move|p2b: mental trauma|Astral Barrage|p1a: Cresselia|[spread] p1b\n|-activate|p1a: Cresselia|move: Protect\n|-resisted|p1b: Incineroar\n|-damage|p1b: Incineroar|29/100\n|move|p2a: fat|Trick Room|p2a: fat\n|-fieldend|move: Trick Room\n|\n|-heal|p1a: Cresselia|28/100|[from] item: Leftovers\n|upkeep\n|turn|3\n|c| miardy|oof\n|c|\u2606miraidons the goat|yep\n|inactive|EtienneN7 has 30 seconds left.\n|c|\u2606miraidons the goat|now we BOOM\n|\n|t:|1745970175\n|switch|p1a: Zamazenta|Zamazenta-Crowned, L50|100/100\n|-ability|p1a: Zamazenta|Dauntless Shield|boost\n|-boost|p1a: Zamazenta|def|1\n|move|p2a: fat|Helping Hand|p2b: mental trauma\n|-singleturn|p2b: mental trauma|Helping Hand|[of] p2a: fat\n|move|p2b: mental trauma|Astral Barrage|p1b: Incineroar|[spread] p1a,p1b\n|-resisted|p1b: Incineroar\n|-damage|p1a: Zamazenta|24/100\n|-damage|p1b: Incineroar|0 fnt\n|faint|p1b: Incineroar\n|-ability|p2b: mental trauma|Grim Neigh|boost\n|-boost|p2b: mental trauma|spa|1\n|\n|upkeep\n|c|\u2606miraidons the goat|BOOM\n|\n|t:|1745970188\n|switch|p1b: Groudon|Groudon, L50|100/100\n|-weather|SunnyDay|[from] ability: Drought|[of] p1b: Groudon\n|turn|4\n|c|\u2606miraidons the goat|ruh ro\n|c| zozordy|Am watchong\n|c| miardy|OHH G.O.A.T\n|c|\u2606miraidons the goat|specs protecy\n|inactive|miraidons the goat has 30 seconds left.\n|\n|t:|1745970218\n|switch|p2b: cott|Whimsicott, L50, F, shiny|100/100\n|move|p1a: Zamazenta|Wide Guard|p1a: Zamazenta\n|-singleturn|p1a: Zamazenta|Wide Guard\n|move|p2a: fat|Follow Me|p2a: fat\n|-singleturn|p2a: fat|move: Follow Me\n|move|p1b: Groudon|Eruption|p2a: fat|[spread] p2a,p2b\n|-crit|p2a: fat\n|-supereffective|p2b: cott\n|-damage|p2a: fat|0 fnt\n|-damage|p2b: cott|0 fnt\n|faint|p2a: fat\n|faint|p2b: cott\n|\n|-weather|SunnyDay|[upkeep]\n|upkeep\n|\n|t:|1745970231\n|switch|p2b: better bike|Koraidon, L50|100/100\n|switch|p2a: mental trauma|Calyrex-Shadow, L50, tera:Dark|81/100\n|-ability|p2a: mental trauma|As One\n|-ability|p2a: mental trauma|Unnerve\n|-activate|p2b: better bike|ability: Orichalcum Pulse\n|turn|5\n|c| zozordy|Ur name is miraidons the goat yet u aint usin miraidon\n|c|\u2606miraidons the goat|I was\n|c|\u2606miraidons the goat|I dropped it\n|c| zozordy|Ok\n|c|\u2606EtienneN7|Miraidon is good but is hard to set up sometimes\n|inactive|EtienneN7 has 30 seconds left.\n|inactive|miraidons the goat has 30 seconds left.\n|c| zozordy|Ye\n|inactive|EtienneN7 has 20 seconds left.\n|c|\u2606miraidons the goat|I had Mirai csr\n|inactive|EtienneN7 has 15 seconds left.\n|c|\u2606miraidons the goat|changed to korai\n|\n|t:|1745970273\n|move|p2a: mental trauma|Astral Barrage|p1a: Zamazenta|[spread] p1a,p1b\n|-damage|p1a: Zamazenta|0 fnt\n|-damage|p1b: Groudon|21/100\n|faint|p1a: Zamazenta\n|-ability|p2a: mental trauma|Grim Neigh|boost\n|-boost|p2a: mental trauma|spa|1\n|move|p2b: better bike|Flare Blitz|p1b: Groudon\n|-damage|p1b: Groudon|0 fnt\n|faint|p1b: Groudon\n|-damage|p2b: better bike|92/100|[from] Recoil\n|-damage|p2b: better bike|83/100|[from] item: Life Orb\n|\n|-weather|SunnyDay|[upkeep]\n|-fieldend|move: Psychic Terrain\n|upkeep\n|c| zozordy|Ohh\n|c| miardy|G.O.A.T.\n|\n|t:|1745970293\n|switch|p1b: Cresselia|Cresselia, L50, F|28/100\n|turn|6\n|\n|t:|1745970300\n|move|p1b: Cresselia|Helping Hand|p1: Zamazenta|[notarget]\n|-fail|p1b: Cresselia\n|move|p2a: mental trauma|Astral Barrage|p1b: Cresselia\n|-supereffective|p1b: Cresselia\n|-damage|p1b: Cresselia|0 fnt\n|faint|p1b: Cresselia\n|\n|win|miraidons the goat\n|c|\u2606miraidons the goat|g3!\n|c|\u2606EtienneN7|yes sir\n|inactive|EtienneN7 has 30 seconds to confirm battle start!\n|inactive|miraidons the goat has 30 seconds to confirm battle start!\n||miraidons the goat is ready for game 3.\n||EtienneN7 is ready for game 3.\n|uhtml|next|Next: <a href=\"/battle-gen9vgc2025regibo3-2353576856\"><strong>Game 3 of 3</strong></a>\n|l| miardy\n|l|\u2606miraidons the goat\n|player|p2|\n|l| zozordy\n", "uploadtime": 1745970307, "views": 36, "formatid": "gen9vgc2025regibo3", "rating": null, "private": 0, "password": null}