{"id": "gen9vgc2025regibo3-2354350200", "format": "[Gen 9] VGC 2025 Reg I (Bo3)", "players": ["Hello12345654321", "Dozo XX"], "log": "|j|\u2606Hello12345654321\n|j|\u2606Dozo XX\n|html|<table width=\"100%\"><tr><td align=\"left\">Hello12345654321</td><td align=\"right\">Dozo XX</tr><tr><td align=\"left\"><i class=\"fa fa-circle-o\"></i> <i class=\"fa fa-circle-o\"></i> </td><td align=\"right\"><i class=\"fa fa-circle-o\"></i> <i class=\"fa fa-circle-o\"></i> </tr></table>\n|uhtml|bestof|<h2><strong>Game 1</strong> of <a href=\"/game-bestof3-gen9vgc2025regibo3-2354350197\">a best-of-3</a></h2>\n|t:|1746060568\n|gametype|doubles\n|player|p1|Hello12345654321|101|1086\n|player|p2|Dozo XX|ballguy|1137\n|teamsize|p1|6\n|teamsize|p2|6\n|gen|9\n|tier|[Gen 9] VGC 2025 Reg I (Bo3)\n|rated|\n|rule|Species Clause: Limit one of each Pok\u00e9mon\n|rule|Item Clause: Limit 1 of each item\n|clearpoke\n|poke|p1|Miraidon, L50|\n|poke|p1|Calyrex-Ice, L50|\n|poke|p1|Farigiraf, L50, M|\n|poke|p1|Ogerpon-Hearthflame, L50, F|\n|poke|p1|Whimsicott, L50, F|\n|poke|p1|Incineroar, L50, F|\n|poke|p2|Kyogre, L50|\n|poke|p2|Miraidon, L50|\n|poke|p2|Tornadus, L50, M|\n|poke|p2|Iron Hands, L50|\n|poke|p2|Farigiraf, L50, M|\n|poke|p2|Iron Treads, L50|\n|teampreview|4\n|showteam|p1|Miraidon||ChoiceSpecs|HadronEngine|ElectroDrift,DracoMeteor,VoltSwitch,DazzlingGleam||||||50|,,,,,Fairy]Calyrex-Ice||ClearAmulet|AsOneGlastrier|GlacialLance,HighHorsepower,TrickRoom,Protect||||||50|,,,,,Fire]Farigiraf||ElectricSeed|ArmorTail|Psychic,HelpingHand,TrickRoom,Protect|||M|||50|,,,,,Fighting]Ogerpon-Hearthflame||HearthflameMask|MoldBreaker|IvyCudgel,WoodHammer,FollowMe,SpikyShield|||F|||50|,,,,,Fire]Whimsicott||FocusSash|Prankster|Moonblast,Encore,Tailwind,Protect|||F|||50|,,,,,Ghost]Incineroar||SafetyGoggles|Intimidate|FlareBlitz,KnockOff,PartingShot,FakeOut|||F|||50|,,,,,Grass\n|showteam|p2|Kyogre||MysticWater|Drizzle|WaterSpout,OriginPulse,IceBeam,Protect||||||50|,,,,,Grass]Miraidon||ChoiceSpecs|HadronEngine|ElectroDrift,DracoMeteor,DazzlingGleam,VoltSwitch||||||50|,,,,,Fairy]Tornadus||FocusSash|Prankster|BleakwindStorm,Tailwind,RainDance,Protect|||M|||50|,,,,,Ghost]Iron Hands||AssaultVest|QuarkDrive|WildCharge,DrainPunch,LowKick,FakeOut||||||50|,,,,,Water]Farigiraf||ElectricSeed|ArmorTail|FoulPlay,PsychicNoise,TrickRoom,HelpingHand|||M|||50|,,,,,Water]Iron Treads||LifeOrb|QuarkDrive|HighHorsepower,SteelRoller,KnockOff,Protect||||||50|,,,,,Ghost\n|inactive|Battle timer is ON: inactive players will automatically lose when time's up. (requested by Hello12345654321)\n|inactive|Hello12345654321 has 60 seconds left.\n|inactive|Dozo XX has 60 seconds left.\n|inactive|Hello12345654321 has 30 seconds left.\n|inactive|Dozo XX has 30 seconds left.\n|inactive|Hello12345654321 has 20 seconds left.\n|inactive|Dozo XX has 20 seconds left.\n|inactive|Dozo XX has 15 seconds left.\n|inactive|Dozo XX has 10 seconds left.\n|\n|t:|1746060650\n|start\n|switch|p1a: Miraidon|Miraidon, L50|100/100\n|switch|p1b: Whimsicott|Whimsicott, L50, F|100/100\n|switch|p2a: Miraidon|Miraidon, L50|100/100\n|switch|p2b: Iron Treads|Iron Treads, L50|100/100\n|-fieldstart|move: Electric Terrain|[from] ability: Hadron Engine|[of] p1a: Miraidon\n|-activate|p2b: Iron Treads|ability: Quark Drive\n|-start|p2b: Iron Treads|quarkdrivespe\n|-activate|p2a: Miraidon|ability: Hadron Engine\n|turn|1\n|inactive|Dozo XX has 30 seconds left.\n|\n|t:|1746060676\n|-terastallize|p1a: Miraidon|Fairy\n|-terastallize|p2a: Miraidon|Fairy\n|move|p1b: Whimsicott|Tailwind|p1b: Whimsicott\n|-sidestart|p1: Hello12345654321|move: Tailwind\n|move|p1a: Miraidon|Dazzling Gleam|p2a: Miraidon|[spread] p2a,p2b\n|-resisted|p2b: Iron Treads\n|-damage|p2a: Miraidon|46/100\n|-damage|p2b: Iron Treads|59/100\n|move|p2b: Iron Treads|High Horsepower|p1a: Miraidon\n|-damage|p1a: Miraidon|44/100\n|-damage|p2b: Iron Treads|50/100|[from] item: Life Orb\n|move|p2a: Miraidon|Dazzling Gleam|p1b: Whimsicott|[spread] p1a,p1b\n|-damage|p1a: Miraidon|0 fnt\n|-enditem|p1b: Whimsicott|Focus Sash\n|-damage|p1b: Whimsicott|1/100\n|faint|p1a: Miraidon\n|\n|upkeep\n|\n|t:|1746060696\n|switch|p1a: Calyrex|Calyrex-Ice, L50|100/100\n|-ability|p1a: Calyrex|As One\n|-ability|p1a: Calyrex|Unnerve\n|turn|2\n|inactive|Dozo XX has 30 seconds left.\n|\n|t:|1746060725\n|switch|p2a: Iron Hands|Iron Hands, L50|100/100\n|-activate|p2a: Iron Hands|ability: Quark Drive\n|-start|p2a: Iron Hands|quarkdriveatk\n|move|p1b: Whimsicott|Moonblast|p2a: Iron Hands\n|-supereffective|p2a: Iron Hands\n|-damage|p2a: Iron Hands|60/100\n|move|p2b: Iron Treads|High Horsepower|p1a: Calyrex\n|-damage|p1a: Calyrex|66/100\n|-damage|p2b: Iron Treads|40/100|[from] item: Life Orb\n|move|p1a: Calyrex|Glacial Lance|p2b: Iron Treads|[spread] p2a,p2b\n|-damage|p2a: Iron Hands|21/100\n|-damage|p2b: Iron Treads|0 fnt\n|faint|p2b: Iron Treads\n|-end|p2b: Iron Treads|Quark Drive|[silent]\n|-ability|p1a: Calyrex|Chilling Neigh|boost\n|-boost|p1a: Calyrex|atk|1\n|\n|upkeep\n|\n|t:|1746060740\n|switch|p2b: Kyogre|Kyogre, L50|100/100\n|-weather|RainDance|[from] ability: Drizzle|[of] p2b: Kyogre\n|turn|3\n|inactive|Hello12345654321 has 30 seconds left.\n|inactive|Hello12345654321 has 20 seconds left.\n|inactive|Hello12345654321 has 15 seconds left.\n|inactive|Hello12345654321 has 10 seconds left.\n|\n|t:|1746060787\n|switch|p1a: Farigiraf|Farigiraf, L50, M|100/100\n|-enditem|p1a: Farigiraf|Electric Seed\n|-boost|p1a: Farigiraf|def|1|[from] item: Electric Seed\n|move|p2a: Iron Hands|Fake Out||[still]\n|cant|p1a: Farigiraf|ability: Armor Tail|Fake Out|[of] p2a: Iron Hands\n|move|p1b: Whimsicott|Moonblast|p2a: Iron Hands\n|-supereffective|p2a: Iron Hands\n|-damage|p2a: Iron Hands|0 fnt\n|faint|p2a: Iron Hands\n|-end|p2a: Iron Hands|Quark Drive|[silent]\n|move|p2b: Kyogre|Origin Pulse|p1b: Whimsicott|[spread] p1a,p1b\n|-resisted|p1b: Whimsicott\n|-damage|p1a: Farigiraf|27/100\n|-damage|p1b: Whimsicott|0 fnt\n|faint|p1b: Whimsicott\n|\n|-weather|RainDance|[upkeep]\n|upkeep\n|\n|t:|1746060804\n|switch|p1b: Calyrex|Calyrex-Ice, L50|66/100\n|switch|p2a: Miraidon|Miraidon, L50, tera:Fairy|46/100\n|-ability|p1b: Calyrex|As One\n|-ability|p1b: Calyrex|Unnerve\n|-activate|p2a: Miraidon|ability: Hadron Engine\n|turn|4\n|\n|t:|1746060817\n|move|p1b: Calyrex|Protect|p1b: Calyrex\n|-singleturn|p1b: Calyrex|Protect\n|move|p2a: Miraidon|Electro Drift|p1b: Calyrex\n|-activate|p1b: Calyrex|move: Protect\n|move|p2b: Kyogre|Origin Pulse|p1b: Calyrex|[spread] p1a\n|-activate|p1b: Calyrex|move: Protect\n|-damage|p1a: Farigiraf|0 fnt\n|faint|p1a: Farigiraf\n|\n|-weather|RainDance|[upkeep]\n|-sideend|p1: Hello12345654321|move: Tailwind\n|upkeep\n|turn|5\n|\n|t:|1746060830\n|move|p2a: Miraidon|Electro Drift|p1b: Calyrex\n|-crit|p1b: Calyrex\n|-damage|p1b: Calyrex|0 fnt\n|faint|p1b: Calyrex\n|\n|win|Dozo XX\n", "uploadtime": 1746060830, "views": 8, "formatid": "gen9vgc2025regibo3", "rating": null, "private": 0, "password": null}