{"id": "gen9vgc2025regibo3-2354051309", "format": "[Gen 9] VGC 2025 Reg I (Bo3)", "players": ["gundi8", "bvg2"], "log": "|j|\u2606gundi8\n|j|\u203dbvg2\n|html|<table width=\"100%\"><tr><td align=\"left\">gundi8</td><td align=\"right\">bvg2</tr><tr><td align=\"left\"><i class=\"fa fa-circle-o\"></i> <i class=\"fa fa-circle-o\"></i> </td><td align=\"right\"><i class=\"fa fa-circle-o\"></i> <i class=\"fa fa-circle-o\"></i> </tr></table>\n|uhtml|bestof|<h2><strong>Game 1</strong> of <a href=\"/game-bestof3-gen9vgc2025regibo3-2354051308\">a best-of-3</a></h2>\n|t:|1746030688\n|gametype|doubles\n|player|p1|gundi8|ethan-gen2|1278\n|player|p2|bvg2|flannery|1301\n|teamsize|p1|6\n|teamsize|p2|6\n|gen|9\n|tier|[Gen 9] VGC 2025 Reg I (Bo3)\n|rated|\n|rule|Species Clause: Limit one of each Pok\u00e9mon\n|rule|Item Clause: Limit 1 of each item\n|clearpoke\n|poke|p1|Calyrex-Shadow, L50|\n|poke|p1|Koraidon, L50|\n|poke|p1|Ditto, L50|\n|poke|p1|Brute Bonnet, L50|\n|poke|p1|Whimsicott, L50, F|\n|poke|p1|Chi-Yu, L50|\n|poke|p2|Calyrex-Shadow, L50|\n|poke|p2|Dondozo, L50, F|\n|poke|p2|Tatsugiri-Droopy, L50, F|\n|poke|p2|Chi-Yu, L50|\n|poke|p2|Miraidon, L50|\n|poke|p2|Sneasler, L50, F|\n|teampreview|4\n|showteam|p1|Calyrex-Shadow||LifeOrb|AsOneSpectrier|AstralBarrage,Psychic,Substitute,Protect||||||50|,,,,,Ghost]Koraidon||ClearAmulet|OrichalcumPulse|CollisionCourse,FlameCharge,FlareBlitz,Protect||||||50|,,,,,Fire]Ditto||FocusSash|Imposter|Transform||||||50|,,,,,Normal]Brute Bonnet||RockyHelmet|Protosynthesis|SeedBomb,SuckerPunch,Spore,RagePowder||||||50|,,,,,Water]Whimsicott||CovertCloak|Prankster|Moonblast,LightScreen,Tailwind,Encore|||F|||50|,,,,,Dark]Chi-Yu||ChoiceScarf|BeadsofRuin|HeatWave,Snarl,Overheat,DarkPulse||||||50|,,,,,Ghost\n|showteam|p2|Calyrex-Shadow||LifeOrb|AsOneSpectrier|Protect,AstralBarrage,ExpandingForce,Encore||||||50|,,,,,Normal]Dondozo||Leftovers|Unaware|Protect,BodyPress,OrderUp,WaveCrash|||F|||50|,,,,,Grass]Tatsugiri-Droopy||FocusSash|Commander|Protect,HelpingHand,DragonPulse,MuddyWater|||F|||50|,,,,,Stellar]Chi-Yu||ChoiceScarf|BeadsofRuin|ScaryFace,Snarl,HeatWave,Overheat||||||50|,,,,,Ghost]Miraidon||AssaultVest|HadronEngine|ElectroDrift,DracoMeteor,DazzlingGleam,VoltSwitch||||||50|,,,,,Fairy]Sneasler||ElectricSeed|Unburden|CloseCombat,DireClaw,ToxicSpikes,FakeOut|||F|||50|,,,,,Ghost\n|inactive|Battle timer is ON: inactive players will automatically lose when time's up. (requested by gundi8)\n|inactive|gundi8 has 60 seconds left.\n|inactive|bvg2 has 60 seconds left.\n|\n|t:|1746030730\n|start\n|switch|p1a: Calyrex|Calyrex-Shadow, L50|100/100\n|switch|p1b: Whimsicott|Whimsicott, L50, F|100/100\n|switch|p2a: Miraidon|Miraidon, L50|100/100\n|switch|p2b: Sneasler|Sneasler, L50, F|100/100\n|-ability|p1a: Calyrex|As One\n|-ability|p1a: Calyrex|Unnerve\n|-fieldstart|move: Electric Terrain|[from] ability: Hadron Engine|[of] p2a: Miraidon\n|-enditem|p2b: Sneasler|Electric Seed\n|-boost|p2b: Sneasler|def|1|[from] item: Electric Seed\n|turn|1\n|inactive|bvg2 has 30 seconds left.\n|\n|t:|1746030758\n|-terastallize|p1a: Calyrex|Ghost\n|move|p1b: Whimsicott|Tailwind|p1b: Whimsicott\n|-sidestart|p1: gundi8|move: Tailwind\n|move|p1a: Calyrex|Astral Barrage|p2b: Sneasler|[spread] p2a,p2b\n|-damage|p2a: Miraidon|49/100\n|-damage|p2b: Sneasler|0 fnt\n|faint|p2b: Sneasler\n|-ability|p1a: Calyrex|Grim Neigh|boost\n|-boost|p1a: Calyrex|spa|1\n|-damage|p1a: Calyrex|91/100|[from] item: Life Orb\n|move|p2a: Miraidon|Electro Drift|p1a: Calyrex\n|-damage|p1a: Calyrex|0 fnt\n|faint|p1a: Calyrex\n|\n|upkeep\n|\n|t:|1746030778\n|switch|p1a: Brute Bonnet|Brute Bonnet, L50|100/100\n|switch|p2b: Calyrex|Calyrex-Shadow, L50|100/100\n|-ability|p2b: Calyrex|As One\n|-ability|p2b: Calyrex|Unnerve\n|turn|2\n|inactive|bvg2 has 30 seconds left.\n|\n|t:|1746030803\n|-terastallize|p2a: Miraidon|Fairy\n|move|p1b: Whimsicott|Light Screen|p1b: Whimsicott\n|-sidestart|p1: gundi8|move: Light Screen\n|move|p1a: Brute Bonnet|Sucker Punch||[still]\n|-fail|p1a: Brute Bonnet\n|move|p2b: Calyrex|Encore|p1a: Brute Bonnet\n|-start|p1a: Brute Bonnet|Encore\n|move|p2a: Miraidon|Dazzling Gleam|p1a: Brute Bonnet|[spread] p1a,p1b\n|-supereffective|p1a: Brute Bonnet\n|-damage|p1a: Brute Bonnet|58/100\n|-damage|p1b: Whimsicott|66/100\n|\n|upkeep\n|turn|3\n|inactive|gundi8 has 30 seconds left.\n|\n|t:|1746030835\n|-end|p1a: Brute Bonnet|Protosynthesis|[silent]\n|switch|p1a: Ditto|Ditto, L50|100/100\n|-transform|p1a: Ditto|p2b: Calyrex|[from] ability: Imposter\n|-ability|p1a: Ditto|As One\n|-ability|p1a: Ditto|Unnerve\n|move|p2b: Calyrex|Protect|p2b: Calyrex\n|-singleturn|p2b: Calyrex|Protect\n|move|p1b: Whimsicott|Encore|p2b: Calyrex\n|-activate|p2b: Calyrex|move: Protect\n|move|p2a: Miraidon|Dazzling Gleam|p1b: Whimsicott|[spread] p1a,p1b\n|-damage|p1a: Ditto|68/100\n|-damage|p1b: Whimsicott|31/100\n|\n|upkeep\n|turn|4\n|inactive|gundi8 has 30 seconds left.\n|\n|t:|1746030865\n|switch|p2b: Tatsugiri|Tatsugiri-Droopy, L50, F|100/100\n|move|p1b: Whimsicott|Encore||[still]\n|-fail|p1b: Whimsicott\n|move|p1a: Ditto|Astral Barrage|p2a: Miraidon|[spread] p2a,p2b\n|-damage|p2a: Miraidon|20/100\n|-damage|p2b: Tatsugiri|25/100\n|move|p2a: Miraidon|Electro Drift|p1a: Ditto\n|-damage|p1a: Ditto|0 fnt\n|faint|p1a: Ditto\n|\n|-sideend|p1: gundi8|move: Tailwind\n|upkeep\n|\n|t:|1746030868\n|switch|p1a: Brute Bonnet|Brute Bonnet, L50|58/100\n|turn|5\n|inactive|gundi8 has 30 seconds left.\n|inactive|gundi8 has 20 seconds left.\n|inactive|gundi8 has 15 seconds left.\n|\n|t:|1746030911\n|move|p1a: Brute Bonnet|Sucker Punch|p2a: Miraidon\n|-resisted|p2a: Miraidon\n|-damage|p2a: Miraidon|6/100\n|move|p2a: Miraidon|Dazzling Gleam|p1a: Brute Bonnet|[spread] p1a,p1b\n|-supereffective|p1a: Brute Bonnet\n|-damage|p1a: Brute Bonnet|17/100\n|-damage|p1b: Whimsicott|0 fnt\n|faint|p1b: Whimsicott\n|move|p2b: Tatsugiri|Dragon Pulse|p1a: Brute Bonnet\n|-damage|p1a: Brute Bonnet|0 fnt\n|faint|p1a: Brute Bonnet\n|-end|p1a: Brute Bonnet|Protosynthesis|[silent]\n|\n|win|bvg2\n", "uploadtime": 1746030919, "views": 12, "formatid": "gen9vgc2025regibo3", "rating": null, "private": 0, "password": null}