{"id": "gen9vgc2025regibo3-2353879579", "format": "[Gen 9] VGC 2025 Reg I (Bo3)", "players": ["Metallicmadness", "Monsteralover"], "log": "|j|\u2606Metallicmadness\n|j|\u2606Monsteralover\n|html|<table width=\"100%\"><tr><td align=\"left\">Metallicmadness</td><td align=\"right\">Monsteralover</tr><tr><td align=\"left\"><i class=\"fa fa-circle\"></i> <i class=\"fa fa-circle-o\"></i> </td><td align=\"right\"><i class=\"fa fa-circle-o\"></i> <i class=\"fa fa-circle\"></i> </tr></table>\n|uhtml|bestof|<h2><strong>Game 3</strong> of <a href=\"/game-bestof3-gen9vgc2025regibo3-2353875058\">a best-of-3</a></h2>\n|t:|1746014139\n|gametype|doubles\n|player|p1|Metallicmadness|byron|1265\n|player|p2|Monsteralover|102|1243\n|teamsize|p1|6\n|teamsize|p2|6\n|gen|9\n|tier|[Gen 9] VGC 2025 Reg I (Bo3)\n|rated|\n|rule|Species Clause: Limit one of each Pok\u00e9mon\n|rule|Item Clause: Limit 1 of each item\n|clearpoke\n|poke|p1|Koraidon, L50|\n|poke|p1|Weezing-Galar, L50, F|\n|poke|p1|Chi-Yu, L50|\n|poke|p1|Calyrex-Shadow, L50|\n|poke|p1|Dondozo, L50, F|\n|poke|p1|Tatsugiri, L50, F|\n|poke|p2|Lunala, L50|\n|poke|p2|Rillaboom, L50, M|\n|poke|p2|Urshifu-*, L50, M|\n|poke|p2|Miraidon, L50|\n|poke|p2|Grimmsnarl, L50, M|\n|poke|p2|Ogerpon-Hearthflame, L50, F|\n|teampreview|4\n|showteam|p1|Koraidon||AbilityShield|OrichalcumPulse|CollisionCourse,FlareBlitz,DragonClaw,Protect||||||50|,,,,,Fire]Weezing-Galar||CovertCloak|NeutralizingGas|ToxicSpikes,Protect,Taunt,StrangeSteam|||F|||50|,,,,,Dark]Chi-Yu||ChoiceScarf|BeadsofRuin|Overheat,HeatWave,Snarl,DarkPulse||||||50|,,,,,Fire]Calyrex-Shadow||LifeOrb|AsOneSpectrier|AstralBarrage,Psychic,NastyPlot,Protect||||||50|,,,,,Water]Dondozo||Leftovers|Unaware|OrderUp,Protect,Earthquake,WaveCrash|||F|||50|,,,,,Grass]Tatsugiri||FocusSash|Commander|MuddyWater,Protect,DracoMeteor,IcyWind|||F|||50|,,,,,Dragon\n|showteam|p2|Lunala||Leftovers|ShadowShield|CalmMind,MoongeistBeam,DazzlingGleam,Protect||||||50|,,,,,Fairy]Rillaboom||AssaultVest|GrassySurge|WoodHammer,GrassyGlide,KnockOff,FakeOut|||M|||50|,,,,,Fire]Urshifu-Rapid-Strike||ChoiceScarf|UnseenFist|SurgingStrikes,CloseCombat,AquaJet,Uturn|||M|||50|,,,,,Water]Miraidon||ChoiceSpecs|HadronEngine|ElectroDrift,DracoMeteor,DazzlingGleam,VoltSwitch||||||50|,,,,,Fairy]Grimmsnarl||LightClay|Prankster|FoulPlay,Reflect,ThunderWave,LightScreen|||M|||50|,,,,,Ghost]Ogerpon-Hearthflame||HearthflameMask|MoldBreaker|IvyCudgel,GrassyGlide,FollowMe,SpikyShield|||F|||50|,,,,,Fire\n|inactive|Battle timer is ON: inactive players will automatically lose when time's up. (requested by Metallicmadness)\n|inactive|Monsteralover has 60 seconds left.\n|inactive|Monsteralover has 30 seconds left.\n|\n|t:|1746014208\n|start\n|switch|p1a: Koraidon|Koraidon, L50|100/100\n|switch|p1b: Chi-Yu|Chi-Yu, L50|100/100\n|switch|p2a: Lunala|Lunala, L50|100/100\n|switch|p2b: Grimmsnarl|Grimmsnarl, L50, M|100/100\n|-ability|p1b: Chi-Yu|Beads of Ruin\n|-weather|SunnyDay|[from] ability: Orichalcum Pulse|[of] p1a: Koraidon\n|-activate|p1a: Koraidon|Orichalcum Pulse|[source]\n|turn|1\n|inactive|Monsteralover has 30 seconds left.\n|inactive|Metallicmadness has 30 seconds left.\n|inactive|Metallicmadness has 20 seconds left.\n|inactive|Metallicmadness has 15 seconds left.\n|\n|t:|1746014253\n|switch|p1b: Weezing|Weezing-Galar, L50, F|100/100\n|-ability|p1b: Weezing|Neutralizing Gas\n|-block|p1a: Koraidon|item: Ability Shield\n|-terastallize|p1a: Koraidon|Fire\n|move|p1a: Koraidon|Flare Blitz|p2b: Grimmsnarl\n|-damage|p2b: Grimmsnarl|0 fnt\n|faint|p2b: Grimmsnarl\n|-damage|p1a: Koraidon|63/100|[from] Recoil\n|move|p2a: Lunala|Moongeist Beam|p1a: Koraidon\n|-damage|p1a: Koraidon|8/100\n|\n|-weather|SunnyDay|[upkeep]\n|upkeep\n|\n|t:|1746014272\n|switch|p2b: Ogerpon|Ogerpon-Hearthflame, L50, F|100/100\n|turn|2\n|inactive|Monsteralover has 30 seconds left.\n|\n|t:|1746014299\n|move|p2b: Ogerpon|Spiky Shield|p2b: Ogerpon\n|-singleturn|p2b: Ogerpon|move: Protect\n|move|p1a: Koraidon|Flare Blitz|p2b: Ogerpon\n|-activate|p2b: Ogerpon|move: Protect\n|-damage|p1a: Koraidon|0 fnt|[from] Spiky Shield|[of] p2b: Ogerpon\n|faint|p1a: Koraidon\n|move|p2a: Lunala|Moongeist Beam|p1b: Weezing\n|-damage|p1b: Weezing|39/100\n|move|p1b: Weezing|Taunt|p2a: Lunala\n|-start|p2a: Lunala|move: Taunt\n|\n|-weather|SunnyDay|[upkeep]\n|upkeep\n|\n|t:|1746014305\n|switch|p1a: Calyrex|Calyrex-Shadow, L50|100/100\n|-ability|p1a: Calyrex|As One\n|-ability|p1a: Calyrex|Unnerve\n|turn|3\n|\n|t:|1746014322\n|-terastallize|p2b: Ogerpon|Fire\n|detailschange|p2b: Ogerpon|Ogerpon-Hearthflame-Tera, L50, F, tera:Fire\n|move|p1a: Calyrex|Astral Barrage|p2a: Lunala|[spread] p2a,p2b\n|-supereffective|p2a: Lunala\n|-damage|p2a: Lunala|0 fnt\n|-damage|p2b: Ogerpon|32/100\n|faint|p2a: Lunala\n|-ability|p1a: Calyrex|Grim Neigh|boost\n|-boost|p1a: Calyrex|spa|1\n|-damage|p1a: Calyrex|91/100|[from] item: Life Orb\n|move|p2b: Ogerpon|Ivy Cudgel|p1a: Calyrex|[anim] Ivy Cudgel Fire\n|-crit|p1a: Calyrex\n|-damage|p1a: Calyrex|0 fnt\n|faint|p1a: Calyrex\n|move|p1b: Weezing|Toxic Spikes|p2b: Ogerpon\n|-sidestart|p2: Monsteralover|move: Toxic Spikes\n|\n|-weather|SunnyDay|[upkeep]\n|upkeep\n|\n|t:|1746014335\n|switch|p1a: Chi-Yu|Chi-Yu, L50|100/100\n|switch|p2a: Miraidon|Miraidon, L50|100/100\n|-status|p2a: Miraidon|psn\n|turn|4\n|\n|t:|1746014354\n|move|p2b: Ogerpon|Spiky Shield|p2b: Ogerpon\n|-singleturn|p2b: Ogerpon|move: Protect\n|move|p1a: Chi-Yu|Dark Pulse|p2b: Ogerpon\n|-activate|p2b: Ogerpon|move: Protect\n|move|p2a: Miraidon|Electro Drift|p1b: Weezing\n|-damage|p1b: Weezing|0 fnt\n|faint|p1b: Weezing\n|-end|p1b: Weezing|ability: Neutralizing Gas\n|-ability|p1a: Chi-Yu|Beads of Ruin\n|-fieldstart|move: Electric Terrain|[from] ability: Hadron Engine|[of] p2a: Miraidon\n|-ability|p2b: Ogerpon|Embody Aspect (Hearthflame)|boost\n|-boost|p2b: Ogerpon|atk|1\n|\n|-weather|SunnyDay|[upkeep]\n|-damage|p2a: Miraidon|88/100 psn|[from] psn\n|upkeep\n|turn|5\n|\n|t:|1746014371\n|move|p1a: Chi-Yu|Dark Pulse|p2b: Ogerpon\n|-crit|p2b: Ogerpon\n|-damage|p2b: Ogerpon|0 fnt\n|faint|p2b: Ogerpon\n|move|p2a: Miraidon|Electro Drift|p1a: Chi-Yu\n|-crit|p1a: Chi-Yu\n|-damage|p1a: Chi-Yu|0 fnt\n|faint|p1a: Chi-Yu\n|\n|win|Monsteralover\n|raw|Metallicmadness's rating: 1265 &rarr; <strong>1238</strong><br />(-27 for losing)\n|raw|Monsteralover's rating: 1243 &rarr; <strong>1270</strong><br />(+27 for winning)\n|c|\u2606Metallicmadness|Gg\n|c|\u2606Monsteralover|gg\n|l|\u2606Metallicmadness\n|player|p1|\n|c|\u2606Monsteralover|thanks for the set\n|c|\u2606Monsteralover|your team is awesome\n", "uploadtime": 1746014426, "views": 33, "formatid": "gen9vgc2025regibo3", "rating": 1238, "private": 0, "password": null}