{"id": "gen9vgc2025regibo3-2354226444", "format": "[Gen 9] VGC 2025 Reg I (Bo3)", "players": ["TreTrainer5252", "Axdvgnk"], "log": "|j|\u2606TreTrainer5252\n|j|\u203dAxdvgnk\n|html|<table width=\"100%\"><tr><td align=\"left\">TreTrainer5252</td><td align=\"right\">Axdvgnk</tr><tr><td align=\"left\"><i class=\"fa fa-circle-o\"></i> <i class=\"fa fa-circle-o\"></i> </td><td align=\"right\"><i class=\"fa fa-circle-o\"></i> <i class=\"fa fa-circle-o\"></i> </tr></table>\n|uhtml|bestof|<h2><strong>Game 1</strong> of <a href=\"/game-bestof3-gen9vgc2025regibo3-2354226443\">a best-of-3</a></h2>\n|t:|1746046632\n|gametype|doubles\n|player|p1|TreTrainer5252|linebacker|1089\n|player|p2|Axdvgnk|volkner|1000\n|teamsize|p1|6\n|teamsize|p2|6\n|gen|9\n|tier|[Gen 9] VGC 2025 Reg I (Bo3)\n|rated|\n|rule|Species Clause: Limit one of each Pok\u00e9mon\n|rule|Item Clause: Limit 1 of each item\n|clearpoke\n|poke|p1|Tornadus, L50, M|\n|poke|p1|Kyogre, L50|\n|poke|p1|Iron Crown, L50|\n|poke|p1|Iron Hands, L50|\n|poke|p1|Indeedee-F, L50, F|\n|poke|p1|Zamazenta-*, L50|\n|poke|p2|Articuno-Galar, L50|\n|poke|p2|Zacian-*, L50|\n|poke|p2|Urshifu-*, L50, F|\n|poke|p2|Calyrex-Shadow, L50|\n|poke|p2|Tornadus, L50, M|\n|poke|p2|Incineroar, L50, M|\n|teampreview|4\n|showteam|p1|Tornadus||MentalHerb|Prankster|Taunt,Tailwind,RainDance,BleakwindStorm|||M|||50|,,,,,Ghost]Kyogre||MysticWater|Drizzle|Protect,Thunder,WaterSpout,HydroPump||||||50|,,,,,Grass]Iron Crown||BoosterEnergy|QuarkDrive|Protect,FocusBlast,TachyonCutter,ExpandingForce||||||50|,,,,,Ground]Iron Hands||AssaultVest|QuarkDrive|FakeOut,HeavySlam,DrainPunch,WildCharge||||||50|,,,,,Water]Indeedee-F||RedCard|PsychicSurge|FollowMe,TrickRoom,HelpingHand,DazzlingGleam|||F|||50|,,,,,Dragon]Zamazenta-Crowned||RustedShield|DauntlessShield|Protect,BodyPress,WideGuard,IronDefense||||||50|,,,,,Water\n|showteam|p2|Articuno-Galar||RockyHelmet|Competitive|Imprison,TrickRoom,FreezingGlare,AirSlash||||||50|,,,,,Dark]Zacian-Crowned||RustedSword|IntrepidSword|behemothblade,PlayRough,SwordsDance,Protect||||||50|,,,,,Ground]Urshifu-Rapid-Strike||ChoiceScarf|UnseenFist|SurgingStrikes,AquaJet,CloseCombat,Uturn|||F|||50|,,,,,Water]Calyrex-Shadow||FocusSash|AsOneSpectrier|AstralBarrage,DrainingKiss,NastyPlot,Protect||||||50|,,,,,Fairy]Tornadus||CovertCloak|Prankster|Tailwind,Taunt,RainDance,IcyWind|||M|||50|,,,,,Dark]Incineroar||SitrusBerry|Intimidate|FakeOut,KnockOff,WillOWisp,PartingShot|||M|||50|,,,,,Grass\n|inactive|Battle timer is ON: inactive players will automatically lose when time's up. (requested by Axdvgnk)\n|inactive|Axdvgnk has 60 seconds left.\n|inactive|Axdvgnk has 30 seconds left.\n|inactive|Axdvgnk has 20 seconds left.\n|inactive|Axdvgnk has 15 seconds left.\n|\n|t:|1746046712\n|start\n|switch|p1a: Sesto|Tornadus, L50, M|100/100\n|switch|p1b: Elemento|Kyogre, L50|100/100\n|switch|p2a: Articuno|Articuno-Galar, L50, shiny|100/100\n|switch|p2b: Calyrex|Calyrex-Shadow, L50|100/100\n|-ability|p2b: Calyrex|As One\n|-ability|p2b: Calyrex|Unnerve\n|-weather|RainDance|[from] ability: Drizzle|[of] p1b: Elemento\n|turn|1\n|inactive|TreTrainer5252 has 30 seconds left.\n|\n|t:|1746046739\n|move|p2b: Calyrex|Protect|p2b: Calyrex\n|-singleturn|p2b: Calyrex|Protect\n|move|p1a: Sesto|Tailwind|p1a: Sesto\n|-sidestart|p1: TreTrainer5252|move: Tailwind\n|move|p1b: Elemento|Water Spout|p2b: Calyrex|[spread] p2a\n|-activate|p2b: Calyrex|move: Protect\n|-damage|p2a: Articuno|8/100\n|move|p2a: Articuno|Freezing Glare|p1b: Elemento\n|-damage|p1b: Elemento|70/100\n|\n|-weather|RainDance|[upkeep]\n|upkeep\n|turn|2\n|\n|t:|1746046759\n|move|p1b: Elemento|Water Spout|p2a: Articuno|[spread] p2a,p2b\n|-damage|p2a: Articuno|0 fnt\n|-damage|p2b: Calyrex|23/100\n|faint|p2a: Articuno\n|move|p1a: Sesto|Bleakwind Storm|p2b: Calyrex\n|-damage|p2b: Calyrex|0 fnt\n|faint|p2b: Calyrex\n|\n|-weather|RainDance|[upkeep]\n|upkeep\n|\n|t:|1746046768\n|switch|p2b: Tornadus|Tornadus, L50, M|100/100\n|switch|p2a: Urshifu|Urshifu-Rapid-Strike, L50, F|100/100\n|turn|3\n|\n|t:|1746046777\n|switch|p1b: Mamacita|Indeedee-F, L50, F|100/100\n|-fieldstart|move: Psychic Terrain|[from] ability: Psychic Surge|[of] p1b: Mamacita\n|-terastallize|p2a: Urshifu|Water\n|move|p1a: Sesto|Taunt|p2b: Tornadus\n|-start|p2b: Tornadus|move: Taunt\n|cant|p2b: Tornadus|move: Taunt|Tailwind\n|move|p2a: Urshifu|Surging Strikes|p1a: Sesto\n|-crit|p1a: Sesto\n|-damage|p1a: Sesto|62/100\n|-crit|p1a: Sesto\n|-damage|p1a: Sesto|18/100\n|-crit|p1a: Sesto\n|-damage|p1a: Sesto|0 fnt\n|faint|p1a: Sesto\n|-hitcount|p1: Sesto|3\n|\n|-weather|RainDance|[upkeep]\n|upkeep\n|\n|t:|1746046788\n|switch|p1a: Thorton|Iron Crown, L50|100/100\n|-enditem|p1a: Thorton|Booster Energy\n|-activate|p1a: Thorton|ability: Quark Drive|[fromitem]\n|-start|p1a: Thorton|quarkdrivespa\n|turn|4\n|inactive|Axdvgnk has 30 seconds left.\n|\n|t:|1746046815\n|move|p1b: Mamacita|Follow Me|p1b: Mamacita\n|-singleturn|p1b: Mamacita|move: Follow Me\n|move|p1a: Thorton|Expanding Force|p2b: Tornadus|[spread] p2a,p2b\n|-damage|p2a: Urshifu|0 fnt\n|-damage|p2b: Tornadus|11/100\n|faint|p2a: Urshifu\n|move|p2b: Tornadus|Icy Wind|p1a: Thorton|[spread] p1a,p1b\n|-resisted|p1a: Thorton\n|-damage|p1a: Thorton|95/100\n|-damage|p1b: Mamacita|90/100\n|-unboost|p1a: Thorton|spe|1\n|-unboost|p1b: Mamacita|spe|1\n|\n|-weather|RainDance|[upkeep]\n|-sideend|p1: TreTrainer5252|move: Tailwind\n|upkeep\n|turn|5\n|-message|Axdvgnk forfeited.\n|\n|win|TreTrainer5252\n|l|\u203dAxdvgnk\n|player|p2|\n||Axdvgnk is ready for game 2.\n||TreTrainer5252 is ready for game 2.\n|uhtml|next|Next: <a href=\"/battle-gen9vgc2025regibo3-2354228344\"><strong>Game 2 of 3</strong></a>\n", "uploadtime": 1746046839, "views": 6, "formatid": "gen9vgc2025regibo3", "rating": null, "private": 0, "password": null}