{"id": "gen9vgc2025regibo3-2353713580", "format": "[Gen 9] VGC 2025 Reg I (Bo3)", "players": ["Dimplewiskers", "susurider"], "log": "|j|\u2606Dimplewiskers\n|j|\u2606susurider\n|html|<table width=\"100%\"><tr><td align=\"left\">Dimplewiskers</td><td align=\"right\">susurider</tr><tr><td align=\"left\"><i class=\"fa fa-circle-o\"></i> <i class=\"fa fa-circle-o\"></i> </td><td align=\"right\"><i class=\"fa fa-circle-o\"></i> <i class=\"fa fa-circle-o\"></i> </tr></table>\n|uhtml|bestof|<h2><strong>Game 1</strong> of <a href=\"/game-bestof3-gen9vgc2025regibo3-2353713579\">a best-of-3</a></h2>\n|t:|1745987389\n|gametype|doubles\n|player|p1|Dimplewiskers|cynthia-gen4|1072\n|player|p2|susurider|265|1067\n|teamsize|p1|6\n|teamsize|p2|6\n|gen|9\n|tier|[Gen 9] VGC 2025 Reg I (Bo3)\n|rated|\n|rule|Species Clause: Limit one of each Pok\u00e9mon\n|rule|Item Clause: Limit 1 of each item\n|clearpoke\n|poke|p1|Calyrex-Ice, L50|\n|poke|p1|Palkia, L50|\n|poke|p1|Smeargle, L50, M|\n|poke|p1|Indeedee-F, L50, F|\n|poke|p1|Hatterene, L50, F|\n|poke|p1|Ursaluna, L50, M|\n|poke|p2|Chi-Yu, L50|\n|poke|p2|Calyrex-Shadow, L50|\n|poke|p2|Zacian-*, L50|\n|poke|p2|Indeedee-F, L50, F|\n|poke|p2|Incineroar, L50, M|\n|poke|p2|Amoonguss, L50, M|\n|teampreview|4\n|showteam|p1|Calyrex-Ice||ClearAmulet|AsOneGlastrier|GlacialLance,CloseCombat,Protect,TrickRoom||||||50|,,,,,Water]Palkia||LifeOrb|Pressure|SpacialRend,Thunderbolt,Flamethrower,Protect||||||50|,,,,,Fairy]Smeargle||FocusSash|Moody|FakeOut,FollowMe,Spore,Decorate|||M|||50|,,,,,Grass]Indeedee-F||SafetyGoggles|PsychicSurge|FollowMe,HelpingHand,TrickRoom,Psychic|||F|||50|,,,,,Fairy]Hatterene||SitrusBerry|Healer|DazzlingGleam,ExpandingForce,Protect,TrickRoom|||F|||50|,,,,,Psychic]Ursaluna||FlameOrb|Guts|Facade,HeadlongRush,Earthquake,Protect|||M|||50|,,,,,Normal\n|showteam|p2|Chi-Yu||ChoiceScarf|BeadsofRuin|Snarl,HeatWave,DarkPulse,Overheat||||||50|,,,,,Ghost]Calyrex-Shadow||CovertCloak|AsOneSpectrier|AstralBarrage,ExpandingForce,Protect,NastyPlot||||||50|,,,,,Water]Zacian-Crowned||RustedSword|IntrepidSword|PlayRough,behemothblade,SacredSword,Protect||||||50|,,,,,Fairy]Indeedee-F||SafetyGoggles|PsychicSurge|FollowMe,SkillSwap,Psychic,TrickRoom|||F|||50|,,,,,Dark]Incineroar||SitrusBerry|Intimidate|FakeOut,KnockOff,PartingShot,FlareBlitz|||M|||50|,,,,,Ghost]Amoonguss||RockyHelmet|Regenerator|SludgeBomb,Spore,RagePowder,Protect|||M|||50|,,,,,Water\n|inactive|Battle timer is ON: inactive players will automatically lose when time's up. (requested by Dimplewiskers)\n|inactive|susurider also wants the timer to be on.\n|inactive|Dimplewiskers has 60 seconds left.\n|inactive|susurider has 60 seconds left.\n|\n|t:|1745987457\n|start\n|switch|p1a: Elvis|Calyrex-Ice, L50|100/100\n|switch|p1b: Bob Ross|Smeargle, L50, M, shiny|100/100\n|switch|p2a: Indeedee|Indeedee-F, L50, F|100/100\n|switch|p2b: Calyrex|Calyrex-Shadow, L50|100/100\n|-ability|p2b: Calyrex|As One\n|-ability|p2b: Calyrex|Unnerve\n|-ability|p1a: Elvis|As One\n|-ability|p1a: Elvis|Unnerve\n|-fieldstart|move: Psychic Terrain|[from] ability: Psychic Surge|[of] p2a: Indeedee\n|turn|1\n|inactive|Dimplewiskers has 30 seconds left.\n|inactive|Dimplewiskers has 20 seconds left.\n|inactive|Dimplewiskers has 15 seconds left.\n|inactive|Dimplewiskers has 10 seconds left.\n|inactive|Dimplewiskers has 5 seconds left.\n|\n|t:|1745987511\n|-terastallize|p2b: Calyrex|Water\n|-terastallize|p1a: Elvis|Water\n|move|p2b: Calyrex|Expanding Force|p1b: Bob Ross|[spread] p1a,p1b\n|-damage|p1a: Elvis|54/100\n|-enditem|p1b: Bob Ross|Focus Sash\n|-damage|p1b: Bob Ross|1/100\n|move|p1b: Bob Ross|Decorate|p1a: Elvis\n|-boost|p1a: Elvis|atk|2\n|-boost|p1a: Elvis|spa|2\n|move|p2a: Indeedee|Psychic|p1b: Bob Ross\n|-damage|p1b: Bob Ross|0 fnt\n|faint|p1b: Bob Ross\n|move|p1a: Elvis|Trick Room|p1a: Elvis\n|-fieldstart|move: Trick Room|[of] p1a: Elvis\n|\n|upkeep\n|\n|t:|1745987525\n|switch|p1b: Palkia|Palkia, L50, shiny|100/100\n|-ability|p1b: Palkia|Pressure\n|turn|2\n|\n|t:|1745987538\n|move|p2b: Calyrex|Protect|p2b: Calyrex\n|-singleturn|p2b: Calyrex|Protect\n|move|p1a: Elvis|Glacial Lance|p2b: Calyrex|[spread] p2a\n|-activate|p2b: Calyrex|move: Protect\n|-damage|p2a: Indeedee|0 fnt\n|faint|p2a: Indeedee\n|-ability|p1a: Elvis|Chilling Neigh|boost\n|-boost|p1a: Elvis|atk|1\n|move|p1b: Palkia|Thunderbolt|p2b: Calyrex\n|-activate|p2b: Calyrex|move: Protect\n|\n|upkeep\n|\n|t:|1745987557\n|switch|p2a: Zacian|Zacian-Crowned, L50|100/100\n|-ability|p2a: Zacian|Intrepid Sword|boost\n|-boost|p2a: Zacian|atk|1\n|turn|3\n|\n|t:|1745987571\n|move|p1a: Elvis|Close Combat|p2a: Zacian\n|-damage|p2a: Zacian|0 fnt\n|-unboost|p1a: Elvis|def|1\n|-unboost|p1a: Elvis|spd|1\n|faint|p2a: Zacian\n|-ability|p1a: Elvis|Chilling Neigh|boost\n|-boost|p1a: Elvis|atk|1\n|move|p1b: Palkia|Thunderbolt|p2b: Calyrex\n|-supereffective|p2b: Calyrex\n|-damage|p2b: Calyrex|0 fnt\n|faint|p2b: Calyrex\n|-damage|p1b: Palkia|91/100|[from] item: Life Orb\n|\n|upkeep\n|\n|t:|1745987576\n|switch|p2b: Chi-Yu|Chi-Yu, L50|100/100\n|-ability|p2b: Chi-Yu|Beads of Ruin\n|turn|4\n|-message|susurider forfeited.\n|\n|win|Dimplewiskers\n|l|\u2606susurider\n|player|p2|\n||Dimplewiskers is ready for game 2.\n||susurider is ready for game 2.\n|uhtml|next|Next: <a href=\"/battle-gen9vgc2025regibo3-2353714870\"><strong>Game 2 of 3</strong></a>\n|l|\u2606Dimplewiskers\n|player|p1|\n", "uploadtime": 1745987974, "views": 6, "formatid": "gen9vgc2025regibo3", "rating": null, "private": 0, "password": null}