{"id": "gen9vgc2025regibo3-2354379343", "format": "[Gen 9] VGC 2025 Reg I (Bo3)", "players": ["ControlGeek", "Todra507"], "log": "|j|\u2606ControlGeek\n|j|\u2606Todra507\n|html|<table width=\"100%\"><tr><td align=\"left\">ControlGeek</td><td align=\"right\">Todra507</tr><tr><td align=\"left\"><i class=\"fa fa-circle-o\"></i> <i class=\"fa fa-circle-o\"></i> </td><td align=\"right\"><i class=\"fa fa-circle-o\"></i> <i class=\"fa fa-circle-o\"></i> </tr></table>\n|uhtml|bestof|<h2><strong>Game 1</strong> of <a href=\"/game-bestof3-gen9vgc2025regibo3-2354379342\">a best-of-3</a></h2>\n|t:|1746064127\n|gametype|doubles\n|player|p1|ControlGeek|102|\n|player|p2|Todra507|101|\n|teamsize|p1|6\n|teamsize|p2|6\n|gen|9\n|tier|[Gen 9] VGC 2025 Reg I (Bo3)\n|rule|Species Clause: Limit one of each Pok\u00e9mon\n|rule|Item Clause: Limit 1 of each item\n|clearpoke\n|poke|p1|Koraidon, L50|\n|poke|p1|Lunala, L50|\n|poke|p1|Whimsicott, L50, F|\n|poke|p1|Entei, L50|\n|poke|p1|Scream Tail, L50|\n|poke|p1|Volcarona, L50, F|\n|poke|p2|Zamazenta-*, L50|\n|poke|p2|Calyrex-Shadow, L50|\n|poke|p2|Tornadus, L50, M|\n|poke|p2|Urshifu-*, L50, M|\n|poke|p2|Rillaboom, L50, F|\n|poke|p2|Chien-Pao, L50|\n|teampreview|4\n|showteam|p1|Koraidon||LifeOrb|OrichalcumPulse|CloseCombat,FlareBlitz,FlameCharge,Protect||||||50|,,,,,Fire]Lunala||PowerHerb|ShadowShield|MoongeistBeam,MeteorBeam,TrickRoom,WideGuard||||||50|,,,,,Fairy]Whimsicott||FocusSash|Prankster|Moonblast,Tailwind,SunnyDay,MistyTerrain|||F|||50|,,,,,Ghost]Entei||ChoiceBand|InnerFocus|SacredFire,ExtremeSpeed,StompingTantrum,Crunch||||||50|,,,,,Normal]Scream Tail||BoosterEnergy|Protosynthesis|Encore,Disable,DazzlingGleam,Protect||||||50|,,,,,Fairy]Volcarona||RockyHelmet|FlameBody|Overheat,RagePowder,StruggleBug,Protect|||F|||50|,,,,,Grass\n|showteam|p2|Zamazenta-Crowned||RustedShield|DauntlessShield|BodyPress,HeavySlam,WideGuard,Protect||||||50|,,,,,Ghost]Calyrex-Shadow||FocusSash|AsOneSpectrier|AstralBarrage,Psychic,Encore,Protect||||||50|,,,,,Ghost]Tornadus||RockyHelmet|Prankster|BleakwindStorm,Tailwind,RainDance,Protect|||M|||50|,,,,,Dark]Urshifu-Rapid-Strike||MysticWater|UnseenFist|SurgingStrikes,CloseCombat,AquaJet,Detect|||M|||50|,,,,,Water]Rillaboom||AssaultVest|GrassySurge|WoodHammer,GrassyGlide,Uturn,FakeOut|||F|||50|,,,,,Fire]Chien-Pao||LifeOrb|SwordofRuin|SuckerPunch,IcicleCrash,IceShard,Protect||||||50|,,,,,Stellar\n|inactive|Battle timer is ON: inactive players will automatically lose when time's up. (requested by Todra507)\n|inactive|ControlGeek has 60 seconds left.\n|inactive|Todra507 has 60 seconds left.\n|inactive|ControlGeek has 30 seconds left.\n|inactive|ControlGeek has 20 seconds left.\n|inactive|ControlGeek has 15 seconds left.\n|inactive|ControlGeek has 10 seconds left.\n|\n|t:|1746064211\n|start\n|switch|p1a: Joyboy|Koraidon, L50|100/100\n|switch|p1b: Fuzzy|Volcarona, L50, F|100/100\n|switch|p2a: Calyrex|Calyrex-Shadow, L50|100/100\n|switch|p2b: Tornadus|Tornadus, L50, M|100/100\n|-ability|p2a: Calyrex|As One\n|-ability|p2a: Calyrex|Unnerve\n|-weather|SunnyDay|[from] ability: Orichalcum Pulse|[of] p1a: Joyboy\n|-activate|p1a: Joyboy|Orichalcum Pulse|[source]\n|turn|1\n|\n|t:|1746064228\n|move|p2a: Calyrex|Protect|p2a: Calyrex\n|-singleturn|p2a: Calyrex|Protect\n|move|p1a: Joyboy|Protect|p1a: Joyboy\n|-singleturn|p1a: Joyboy|Protect\n|move|p2b: Tornadus|Rain Dance|p2b: Tornadus\n|-weather|RainDance\n|move|p1b: Fuzzy|Struggle Bug|p2a: Calyrex|[spread] p2b\n|-activate|p2a: Calyrex|move: Protect\n|-resisted|p2b: Tornadus\n|-damage|p2b: Tornadus|90/100\n|-unboost|p2b: Tornadus|spa|1\n|\n|-weather|RainDance|[upkeep]\n|upkeep\n|turn|2\n|inactive|ControlGeek has 30 seconds left.\n|inactive|ControlGeek has 20 seconds left.\n|inactive|ControlGeek has 15 seconds left.\n|j| Just Sherp\n|inactive|ControlGeek has 10 seconds left.\n|inactive|ControlGeek has 5 seconds left.\n|\n|t:|1746064280\n|-terastallize|p1a: Joyboy|Fire\n|move|p1b: Fuzzy|Rage Powder|p1b: Fuzzy\n|-singleturn|p1b: Fuzzy|move: Rage Powder\n|move|p2a: Calyrex|Astral Barrage|p1b: Fuzzy|[spread] p1a,p1b\n|-damage|p1a: Joyboy|39/100\n|-damage|p1b: Fuzzy|59/100\n|move|p1a: Joyboy|Flare Blitz|p2b: Tornadus\n|-damage|p2b: Tornadus|50/100\n|-damage|p1a: Joyboy|23/100|[from] item: Rocky Helmet|[of] p2b: Tornadus\n|-damage|p1a: Joyboy|8/100|[from] Recoil\n|-damage|p1a: Joyboy|0 fnt|[from] item: Life Orb\n|faint|p1a: Joyboy\n|move|p2b: Tornadus|Bleakwind Storm|p1b: Fuzzy\n|-supereffective|p1b: Fuzzy\n|-damage|p1b: Fuzzy|15/100\n|\n|-weather|RainDance|[upkeep]\n|upkeep\n|\n|t:|1746064298\n|switch|p1a: Khonshu|Lunala, L50|100/100\n|turn|3\n|\n|t:|1746064309\n|switch|p2b: Urshifu|Urshifu-Rapid-Strike, L50, M|100/100\n|move|p1a: Khonshu|Wide Guard|p1a: Khonshu\n|-singleturn|p1a: Khonshu|Wide Guard\n|move|p2a: Calyrex|Psychic|p1b: Fuzzy\n|-damage|p1b: Fuzzy|0 fnt\n|faint|p1b: Fuzzy\n|-ability|p2a: Calyrex|Grim Neigh|boost\n|-boost|p2a: Calyrex|spa|1\n|\n|-weather|RainDance|[upkeep]\n|upkeep\n|\n|t:|1746064319\n|switch|p1b: Flame Emperor|Entei, L50|100/100\n|turn|4\n|\n|t:|1746064332\n|move|p1b: Flame Emperor|Extreme Speed|p2b: Urshifu\n|-damage|p2b: Urshifu|57/100\n|move|p2a: Calyrex|Astral Barrage|p1a: Khonshu|[spread] p1a,p1b\n|-supereffective|p1a: Khonshu\n|-damage|p1a: Khonshu|0 fnt\n|-damage|p1b: Flame Emperor|13/100\n|faint|p1a: Khonshu\n|-ability|p2a: Calyrex|Grim Neigh|boost\n|-boost|p2a: Calyrex|spa|1\n|move|p2b: Urshifu|Surging Strikes|p1b: Flame Emperor\n|-supereffective|p1b: Flame Emperor\n|-crit|p1b: Flame Emperor\n|-damage|p1b: Flame Emperor|0 fnt\n|faint|p1b: Flame Emperor\n|-hitcount|p1: Flame Emperor|1\n|\n|win|Todra507\n|inactive|ControlGeek has 30 seconds to confirm battle start!\n|inactive|Todra507 has 30 seconds to confirm battle start!\n||ControlGeek is ready for game 2.\n||Todra507 is ready for game 2.\n|uhtml|next|Next: <a href=\"/battle-gen9vgc2025regibo3-2354381094\"><strong>Game 2 of 3</strong></a>\n|l|\u2606Todra507\n|player|p2|\n|j|\u2606Todra507\n|player|p2|Todra507|101|\n|l|\u2606ControlGeek\n|player|p1|\n", "uploadtime": 1746064580, "views": 20, "formatid": "gen9vgc2025regibo3", "rating": null, "private": 0, "password": null}