{"id": "gen9vgc2025regibo3-2354821852", "format": "[Gen 9] VGC 2025 Reg I (Bo3)", "players": ["only_Ryu", "R4fi03"], "log": "|j|\u2606only_Ryu\n|j|\u2606R4fi03\n|html|<table width=\"100%\"><tr><td align=\"left\">only_Ryu</td><td align=\"right\">R4fi03</tr><tr><td align=\"left\"><i class=\"fa fa-circle-o\"></i> <i class=\"fa fa-circle-o\"></i> </td><td align=\"right\"><i class=\"fa fa-circle-o\"></i> <i class=\"fa fa-circle-o\"></i> </tr></table>\n|uhtml|bestof|<h2><strong>Game 1</strong> of <a href=\"/game-bestof3-gen9vgc2025regibo3-2354821851\">a best-of-3</a></h2>\n|t:|1746122708\n|gametype|doubles\n|player|p1|only_Ryu|drayden|\n|player|p2|R4fi03|furisodegirl-pink|\n|teamsize|p1|6\n|teamsize|p2|6\n|gen|9\n|tier|[Gen 9] VGC 2025 Reg I (Bo3)\n|rule|Species Clause: Limit one of each Pok\u00e9mon\n|rule|Item Clause: Limit 1 of each item\n|clearpoke\n|poke|p1|Koraidon, L50|\n|poke|p1|Lunala, L50|\n|poke|p1|Ursaluna, L50, M|\n|poke|p1|Chi-Yu, L50|\n|poke|p1|Flutter Mane, L50|\n|poke|p1|Brute Bonnet, L50|\n|poke|p2|Groudon, L50|\n|poke|p2|Flutter Mane, L50|\n|poke|p2|Chien-Pao, L50|\n|poke|p2|Calyrex-Ice, L50|\n|poke|p2|Brute Bonnet, L50|\n|poke|p2|Whimsicott, L50, F|\n|teampreview|4\n|showteam|p1|Koraidon||LifeOrb|OrichalcumPulse|FlareBlitz,CloseCombat,FlameCharge,Protect||||||50|,,,,,Fire]Lunala||PowerHerb|ShadowShield|MoongeistBeam,MeteorBeam,WideGuard,TrickRoom||||||50|,,,,,Water]Ursaluna||FlameOrb|Guts|Facade,HeadlongRush,Earthquake,Protect|||M|||50|,,,,,Water]Chi-Yu||ChoiceScarf|BeadsofRuin|Overheat,HeatWave,DarkPulse,Snarl||||||50|,,,,,Ghost]Flutter Mane||FocusSash|Protosynthesis|Moonblast,ShadowBall,IcyWind,Protect||||||50|,,,,,Normal]Brute Bonnet||CovertCloak|Protosynthesis|SeedBomb,SuckerPunch,Spore,RagePowder||||||50|,,,,,Water\n|showteam|p2|Groudon||ClearAmulet|Drought|Protect,PrecipiceBlades,HighHorsepower,HeatCrash||||||50|,,,,,Grass]Flutter Mane||FairyFeather|Protosynthesis|Moonblast,DazzlingGleam,ShadowBall,Protect||||||50|,,,,,Fairy]Chien-Pao||FocusSash|SwordofRuin|IceSpinner,ThroatChop,SuckerPunch,Protect||||||50|,,,,,Stellar]Calyrex-Ice||NeverMeltIce|AsOneGlastrier|Protect,GlacialLance,TrickRoom,SolarBlade||||||50|,,,,,Water]Brute Bonnet||RockyHelmet|Protosynthesis|Spore,RagePowder,SuckerPunch,SeedBomb||||||50|,,,,,Water]Whimsicott||CovertCloak|Prankster|Moonblast,Tailwind,SunnyDay,Encore|||F|||50|,,,,,Dark\n|c|\u2606R4fi03|good luck\n|c|\u2606only_Ryu|u2\n|inactive|Battle timer is ON: inactive players will automatically lose when time's up. (requested by R4fi03)\n|inactive|R4fi03 has 60 seconds left.\n|\n|t:|1746122817\n|start\n|switch|p1a: Chi-Yu|Chi-Yu, L50|100/100\n|switch|p1b: Koraidon|Koraidon, L50|100/100\n|switch|p2a: Grudon|Groudon, L50|100/100\n|switch|p2b: Chien-Pao|Chien-Pao, L50|100/100\n|-ability|p1a: Chi-Yu|Beads of Ruin\n|-weather|SunnyDay|[from] ability: Orichalcum Pulse|[of] p1b: Koraidon\n|-activate|p1b: Koraidon|Orichalcum Pulse|[source]\n|-ability|p2b: Chien-Pao|Sword of Ruin\n|turn|1\n|inactive|only_Ryu has 30 seconds left.\n|inactive|R4fi03 has 30 seconds left.\n|inactive|R4fi03 has 20 seconds left.\n|\n|t:|1746122853\n|move|p2b: Chien-Pao|Sucker Punch|p1a: Chi-Yu\n|-resisted|p1a: Chi-Yu\n|-damage|p1a: Chi-Yu|57/100\n|move|p1a: Chi-Yu|Heat Wave|p2a: Grudon|[spread] p2a\n|-miss|p1a: Chi-Yu|p2b: Chien-Pao\n|-damage|p2a: Grudon|29/100\n|move|p1b: Koraidon|Flame Charge|p2b: Chien-Pao\n|-supereffective|p2b: Chien-Pao\n|-enditem|p2b: Chien-Pao|Focus Sash\n|-damage|p2b: Chien-Pao|1/100\n|-boost|p1b: Koraidon|spe|1\n|-damage|p1b: Koraidon|91/100|[from] item: Life Orb\n|move|p2a: Grudon|Precipice Blades|p1b: Koraidon|[spread] p1a,p1b\n|-supereffective|p1a: Chi-Yu\n|-crit|p1a: Chi-Yu\n|-crit|p1b: Koraidon\n|-damage|p1a: Chi-Yu|0 fnt\n|-damage|p1b: Koraidon|5/100\n|faint|p1a: Chi-Yu\n|\n|-weather|SunnyDay|[upkeep]\n|upkeep\n|inactive|only_Ryu has 30 seconds left.\n|\n|t:|1746122885\n|switch|p1a: Lunala|Lunala, L50|100/100\n|turn|2\n|inactive|only_Ryu has 30 seconds left.\n|inactive|only_Ryu has 20 seconds left.\n|\n|t:|1746122924\n|-terastallize|p1a: Lunala|Water\n|move|p1b: Koraidon|Protect|p1b: Koraidon\n|-singleturn|p1b: Koraidon|Protect\n|move|p2b: Chien-Pao|Protect|p2b: Chien-Pao\n|-singleturn|p2b: Chien-Pao|Protect\n|move|p2a: Grudon|Protect|p2a: Grudon\n|-singleturn|p2a: Grudon|Protect\n|move|p1a: Lunala|Moongeist Beam|p2b: Chien-Pao\n|-activate|p2b: Chien-Pao|move: Protect\n|\n|-weather|SunnyDay|[upkeep]\n|upkeep\n|turn|3\n|inactive|R4fi03 has 30 seconds left.\n|inactive|R4fi03 has 20 seconds left.\n|\n|t:|1746122961\n|move|p1b: Koraidon|Protect|p1b: Koraidon\n|-singleturn|p1b: Koraidon|Protect\n|move|p2b: Chien-Pao|Sucker Punch||[still]\n|-fail|p2b: Chien-Pao\n|move|p2a: Grudon|Precipice Blades|p1b: Koraidon|[spread] p1a\n|-activate|p1b: Koraidon|move: Protect\n|-damage|p1a: Lunala|74/100\n|move|p1a: Lunala|Moongeist Beam|p2b: Chien-Pao\n|-resisted|p2b: Chien-Pao\n|-damage|p2b: Chien-Pao|0 fnt\n|faint|p2b: Chien-Pao\n|\n|-weather|SunnyDay|[upkeep]\n|upkeep\n|\n|t:|1746122971\n|switch|p2b: Flutter Mane|Flutter Mane, L50|100/100\n|-activate|p2b: Flutter Mane|ability: Protosynthesis\n|-start|p2b: Flutter Mane|protosynthesisspe\n|turn|4\n|\n|t:|1746122993\n|move|p1b: Koraidon|Flare Blitz|p2b: Flutter Mane\n|-damage|p2b: Flutter Mane|0 fnt\n|faint|p2b: Flutter Mane\n|-end|p2b: Flutter Mane|Protosynthesis|[silent]\n|-damage|p1b: Koraidon|0 fnt|[from] Recoil\n|faint|p1b: Koraidon\n|move|p1a: Lunala|Moongeist Beam|p2a: Grudon\n|-damage|p2a: Grudon|0 fnt\n|faint|p2a: Grudon\n|\n|-weather|SunnyDay|[upkeep]\n|upkeep\n|\n|t:|1746123001\n|switch|p1b: Ursaluna|Ursaluna, L50, M|100/100\n|switch|p2b: Calyrex|Calyrex-Ice, L50|100/100\n|-ability|p2b: Calyrex|As One\n|-ability|p2b: Calyrex|Unnerve\n|turn|5\n|inactive|only_Ryu has 30 seconds left.\n|\n|t:|1746123032\n|-terastallize|p2b: Calyrex|Water\n|move|p1a: Lunala|Meteor Beam||[still]\n|-prepare|p1a: Lunala|Meteor Beam\n|-boost|p1a: Lunala|spa|1\n|-enditem|p1a: Lunala|Power Herb\n|-anim|p1a: Lunala|Meteor Beam|p2b: Calyrex\n|-damage|p2b: Calyrex|58/100\n|move|p1b: Ursaluna|Facade|p2b: Calyrex\n|-damage|p2b: Calyrex|33/100\n|move|p2b: Calyrex|Solar Blade||[still]\n|-prepare|p2b: Calyrex|Solar Blade\n|-anim|p2b: Calyrex|Solar Blade|p1a: Lunala\n|-supereffective|p1a: Lunala\n|-damage|p1a: Lunala|0 fnt\n|faint|p1a: Lunala\n|-ability|p2b: Calyrex|Chilling Neigh|boost\n|-boost|p2b: Calyrex|atk|1\n|\n|-weather|none\n|-status|p1b: Ursaluna|brn|[from] item: Flame Orb\n|upkeep\n|turn|6\n|\n|t:|1746123050\n|move|p1b: Ursaluna|Facade|p2b: Calyrex\n|-damage|p2b: Calyrex|0 fnt\n|faint|p2b: Calyrex\n|\n|win|only_Ryu\n||R4fi03 is ready for game 2.\n||only_Ryu is ready for game 2.\n|uhtml|next|Next: <a href=\"/battle-gen9vgc2025regibo3-2354825931\"><strong>Game 2 of 3</strong></a>\n|l|\u2606only_Ryu\n|player|p1|\n", "uploadtime": 1746124327, "views": 5, "formatid": "gen9vgc2025regibo3", "rating": null, "private": 0, "password": null}