{"id": "gen9vgc2025regibo3-2354033187", "format": "[Gen 9] VGC 2025 Reg I (Bo3)", "players": ["OdairVGC", "juacox300"], "log": "|j|\u2606OdairVGC\n|j|\u2606juacox300\n|html|<table width=\"100%\"><tr><td align=\"left\">OdairVGC</td><td align=\"right\">juacox300</tr><tr><td align=\"left\"><i class=\"fa fa-circle-o\"></i> <i class=\"fa fa-circle-o\"></i> </td><td align=\"right\"><i class=\"fa fa-circle-o\"></i> <i class=\"fa fa-circle-o\"></i> </tr></table>\n|uhtml|bestof|<h2><strong>Game 1</strong> of <a href=\"/game-bestof3-gen9vgc2025regibo3-2354033185\">a best-of-3</a></h2>\n|t:|1746029163\n|gametype|doubles\n|player|p1|OdairVGC|hilbert-wonderlauncher|1361\n|player|p2|juacox300|unknown|1429\n|teamsize|p1|6\n|teamsize|p2|6\n|gen|9\n|tier|[Gen 9] VGC 2025 Reg I (Bo3)\n|rated|\n|rule|Species Clause: Limit one of each Pok\u00e9mon\n|rule|Item Clause: Limit 1 of each item\n|clearpoke\n|poke|p1|Zamazenta-*, L50|\n|poke|p1|Calyrex-Shadow, L50|\n|poke|p1|Tornadus, L50, M|\n|poke|p1|Urshifu-*, L50, F|\n|poke|p1|Rillaboom, L50, M|\n|poke|p1|Raging Bolt, L50|\n|poke|p2|Miraidon, L50|\n|poke|p2|Iron Hands, L50|\n|poke|p2|Calyrex-Ice, L50|\n|poke|p2|Incineroar, L50, M|\n|poke|p2|Chi-Yu, L50|\n|poke|p2|Alcremie-Salted-Cream, L50, F|\n|teampreview|4\n|showteam|p1|Zamazenta-Crowned||RustedShield|DauntlessShield|BodyPress,HeavySlam,WideGuard,Protect||||||50|,,,,,Ghost]Calyrex-Shadow||FocusSash|AsOneSpectrier|AstralBarrage,Psychic,Encore,Protect||||||50|,,,,,Ghost]Tornadus||RockyHelmet|Prankster|BleakwindStorm,Tailwind,RainDance,Protect|||M|||50|,,,,,Dark]Urshifu-Rapid-Strike||MysticWater|UnseenFist|SurgingStrikes,CloseCombat,AquaJet,Detect|||F|||50|,,,,,Water]Rillaboom||AssaultVest|GrassySurge|WoodHammer,GrassyGlide,Uturn,FakeOut|||M|||50|,,,,,Fire]Raging Bolt||BoosterEnergy|Protosynthesis|Thunderclap,DracoMeteor,Thunderbolt,Protect||||||50|,,,,,Fairy\n|showteam|p2|Miraidon||LifeOrb|HadronEngine|ElectroDrift,DracoMeteor,Protect,DazzlingGleam||||||50|,,,,,Fairy]Iron Hands||AssaultVest|QuarkDrive|WildCharge,LowKick,FakeOut,HeavySlam||||||50|,,,,,Fire]Calyrex-Ice||ClearAmulet|AsOneGlastrier|GlacialLance,HighHorsepower,Protect,TrickRoom||||||50|,,,,,Dragon]Incineroar||RockyHelmet|Intimidate|KnockOff,FlareBlitz,FakeOut,Taunt|||M|||50|,,,,,Poison]Chi-Yu||ChoiceScarf|BeadsofRuin|HeatWave,Snarl,Overheat,DarkPulse||||||50|,,,,,Ghost]Alcremie-Salted-Cream||CovertCloak|AromaVeil|AlluringVoice,Decorate,Protect,Encore|||F|||50|,,,,,Grass\n|inactive|Battle timer is ON: inactive players will automatically lose when time's up. (requested by OdairVGC)\n|\n|t:|1746029220\n|start\n|switch|p1a: Calyrex|Calyrex-Shadow, L50|100/100\n|switch|p1b: Rillaboom|Rillaboom, L50, M|100/100\n|switch|p2a: Calyrex|Calyrex-Ice, L50|100/100\n|switch|p2b: Incineroar|Incineroar, L50, M|100/100\n|-ability|p1a: Calyrex|As One\n|-ability|p1a: Calyrex|Unnerve\n|-ability|p2a: Calyrex|As One\n|-ability|p2a: Calyrex|Unnerve\n|-fieldstart|move: Grassy Terrain|[from] ability: Grassy Surge|[of] p1b: Rillaboom\n|-ability|p2b: Incineroar|Intimidate|boost\n|-unboost|p1a: Calyrex|atk|1\n|-unboost|p1b: Rillaboom|atk|1\n|turn|1\n|inactive|juacox300 has 30 seconds left.\n|inactive|juacox300 has 20 seconds left.\n|inactive|juacox300 has 15 seconds left.\n|inactive|juacox300 has 10 seconds left.\n|inactive|juacox300 has 5 seconds left.\n|\n|t:|1746029275\n|move|p1b: Rillaboom|Fake Out|p2a: Calyrex\n|-damage|p2a: Calyrex|94/100\n|move|p1a: Calyrex|Astral Barrage|p2a: Calyrex|[spread] p2a,p2b\n|-supereffective|p2a: Calyrex\n|-resisted|p2b: Incineroar\n|-crit|p2b: Incineroar\n|-damage|p2a: Calyrex|20/100\n|-damage|p2b: Incineroar|69/100\n|move|p2b: Incineroar|Knock Off|p1b: Rillaboom\n|-damage|p1b: Rillaboom|63/100\n|-enditem|p1b: Rillaboom|Assault Vest|[from] move: Knock Off|[of] p2b: Incineroar\n|cant|p2a: Calyrex|flinch\n|\n|-heal|p1b: Rillaboom|69/100|[from] Grassy Terrain\n|-heal|p2b: Incineroar|75/100|[from] Grassy Terrain\n|-heal|p2a: Calyrex|26/100|[from] Grassy Terrain\n|upkeep\n|turn|2\n|\n|t:|1746029283\n|switch|p2a: Chi-Yu|Chi-Yu, L50|100/100\n|-ability|p2a: Chi-Yu|Beads of Ruin\n|move|p1a: Calyrex|Astral Barrage|p2a: Chi-Yu|[spread] p2a,p2b\n|-resisted|p2a: Chi-Yu\n|-resisted|p2b: Incineroar\n|-damage|p2a: Chi-Yu|65/100\n|-damage|p2b: Incineroar|45/100\n|move|p1b: Rillaboom|U-turn|p2b: Incineroar\n|-damage|p2b: Incineroar|32/100\n|-damage|p1b: Rillaboom|52/100|[from] item: Rocky Helmet|[of] p2b: Incineroar\n|c|\u2606juacox300|sorry im back\n|\n|t:|1746029289\n|switch|p1b: Urshifu|Urshifu-Rapid-Strike, L50, F|100/100|[from] U-turn\n|move|p2b: Incineroar|Flare Blitz|p1b: Urshifu\n|-resisted|p1b: Urshifu\n|-crit|p1b: Urshifu\n|-damage|p1b: Urshifu|70/100\n|-damage|p2b: Incineroar|22/100|[from] Recoil\n|\n|-heal|p2a: Chi-Yu|71/100|[from] Grassy Terrain\n|-heal|p1b: Urshifu|76/100|[from] Grassy Terrain\n|-heal|p2b: Incineroar|28/100|[from] Grassy Terrain\n|upkeep\n|turn|3\n|-message|juacox300 forfeited.\n|\n|win|OdairVGC\n||OdairVGC is ready for game 2.\n||OdairVGC is ready for game 2.\n||juacox300 is ready for game 2.\n|uhtml|next|Next: <a href=\"/battle-gen9vgc2025regibo3-2354034763\"><strong>Game 2 of 3</strong></a>\n|l|\u2606juacox300\n|player|p2|\n|l|\u2606OdairVGC\n|player|p1|\n", "uploadtime": 1746029662, "views": 6, "formatid": "gen9vgc2025regibo3", "rating": null, "private": 0, "password": null}