{"id": "gen9vgc2025regibo3-2353742243", "format": "[Gen 9] VGC 2025 Reg I (Bo3)", "players": ["Sludgy Booties", "baichede"], "log": "|j|\u203dSludgy Booties\n|j|\u2606baichede\n|html|<table width=\"100%\"><tr><td align=\"left\">Sludgy Booties</td><td align=\"right\">baichede</tr><tr><td align=\"left\"><i class=\"fa fa-circle-o\"></i> <i class=\"fa fa-circle-o\"></i> </td><td align=\"right\"><i class=\"fa fa-circle-o\"></i> <i class=\"fa fa-circle-o\"></i> </tr></table>\n|uhtml|bestof|<h2><strong>Game 1</strong> of <a href=\"/game-bestof3-gen9vgc2025regibo3-2353742242\">a best-of-3</a></h2>\n|t:|1745992133\n|gametype|doubles\n|player|p1|Sludgy Booties|170|1085\n|player|p2|baichede|170|1106\n|teamsize|p1|4\n|teamsize|p2|6\n|gen|9\n|tier|[Gen 9] VGC 2025 Reg I (Bo3)\n|rated|\n|rule|Species Clause: Limit one of each Pok\u00e9mon\n|rule|Item Clause: Limit 1 of each item\n|clearpoke\n|poke|p1|Groudon, L50|\n|poke|p1|Oranguru, L50, M|\n|poke|p1|Lilligant-Hisui, L50, F|\n|poke|p1|Charizard, L50, F|\n|poke|p2|Incineroar, L50, F|\n|poke|p2|Whimsicott, L50, F|\n|poke|p2|Urshifu-*, L50, F|\n|poke|p2|Miraidon, L50|\n|poke|p2|Clefairy, L50, F|\n|poke|p2|Calyrex-Shadow, L50|\n|teampreview|4\n|showteam|p1|Groudon||CovertCloak|Drought|PrecipiceBlades,RockSlide,Eruption,MetalClaw||||||50|,,,,,Fire]Oranguru||QuickClaw|InnerFocus|Instruct,Encore,ExpandingForce,HyperVoice|||M|||50|,,,,,Normal]Lilligant-Hisui||ChoiceScarf|Chlorophyll|AfterYou|||F|||50|,,,,,Flying]Charizard||ChoiceSpecs|SolarPower|HeatWave,Flamethrower,AncientPower,TeraBlast|||F|||50|,,,,,Poison\n|showteam|p2|Incineroar||RockyHelmet|Intimidate|PartingShot,FakeOut,KnockOff,WillOWisp|||F|||50|,,,,,Ghost]Whimsicott||CovertCloak|Prankster|Encore,Taunt,Tailwind,Moonblast|||F|||50|,,,,,Dark]Urshifu-Rapid-Strike||BlackBelt|UnseenFist|CloseCombat,Taunt,SurgingStrikes,Detect|||F|||50|,,,,,Fighting]Miraidon||ChoiceSpecs|HadronEngine|DazzlingGleam,ElectroDrift,DracoMeteor,VoltSwitch||||||50|,,,,,Fairy]Clefairy||Eviolite|FriendGuard|HelpingHand,LifeDew,AfterYou,FollowMe|||F|||50|,,,,,Dark]Calyrex-Shadow||FocusSash|AsOneSpectrier|AstralBarrage,DarkPulse,Protect,NastyPlot||||||50|,,,,,Dark\n|\n|t:|1745992152\n|start\n|switch|p1a: Lilligant|Lilligant-Hisui, L50, F, shiny|100/100\n|switch|p1b: Groudon|Groudon, L50, shiny|100/100\n|switch|p2a: Whimsicott|Whimsicott, L50, F|100/100\n|switch|p2b: Miraidon|Miraidon, L50|100/100\n|-fieldstart|move: Electric Terrain|[from] ability: Hadron Engine|[of] p2b: Miraidon\n|-weather|SunnyDay|[from] ability: Drought|[of] p1b: Groudon\n|turn|1\n|\n|t:|1745992168\n|move|p2a: Whimsicott|Tailwind|p2a: Whimsicott\n|-sidestart|p2: baichede|move: Tailwind\n|move|p1a: Lilligant|After You|p1b: Groudon\n|-activate|p1b: Groudon|move: After You\n|move|p1b: Groudon|Precipice Blades|p2b: Miraidon|[spread] p2a\n|-miss|p1b: Groudon|p2b: Miraidon\n|-resisted|p2a: Whimsicott\n|-damage|p2a: Whimsicott|74/100\n|move|p2b: Miraidon|Draco Meteor|p1b: Groudon\n|-damage|p1b: Groudon|0 fnt\n|-unboost|p2b: Miraidon|spa|2\n|faint|p1b: Groudon\n|\n|-weather|SunnyDay|[upkeep]\n|upkeep\n|\n|t:|1745992183\n|switch|p1b: Charizard|Charizard, L50, F|100/100\n|turn|2\n|\n|t:|1745992194\n|move|p2a: Whimsicott|Taunt|p1a: Lilligant\n|-start|p1a: Lilligant|move: Taunt\n|cant|p1a: Lilligant|move: Taunt|After You\n|move|p2b: Miraidon|Draco Meteor|p1b: Charizard\n|-crit|p1b: Charizard\n|-damage|p1b: Charizard|0 fnt\n|-unboost|p2b: Miraidon|spa|2\n|faint|p1b: Charizard\n|\n|-weather|SunnyDay|[upkeep]\n|upkeep\n|-message|Sludgy Booties forfeited.\n|raw|Sludgy Booties's rating: 1085 &rarr; <strong>1064</strong><br />(-21 for losing)\n|raw|baichede's rating: 1106 &rarr; <strong>1129</strong><br />(+23 for winning)\n|\n|win|baichede\n|l|\u203dSludgy Booties\n|player|p1|\n|l|\u2606baichede\n|player|p2|\n", "uploadtime": 1745992560, "views": 6, "formatid": "gen9vgc2025regibo3", "rating": 1064, "private": 0, "password": null}