{"id": "gen9vgc2025regibo3-2354201873", "format": "[Gen 9] VGC 2025 Reg I (Bo3)", "players": ["KingNeptuno", "plaidhaxx"], "log": "|j|\u2606KingNeptuno\n|j|\u2606plaidhaxx\n|html|<table width=\"100%\"><tr><td align=\"left\">KingNeptuno</td><td align=\"right\">plaidhaxx</tr><tr><td align=\"left\"><i class=\"fa fa-circle-o\"></i> <i class=\"fa fa-circle-o\"></i> </td><td align=\"right\"><i class=\"fa fa-circle-o\"></i> <i class=\"fa fa-circle-o\"></i> </tr></table>\n|uhtml|bestof|<h2><strong>Game 1</strong> of <a href=\"/game-bestof3-gen9vgc2025regibo3-2354201872\">a best-of-3</a></h2>\n|t:|1746044131\n|gametype|doubles\n|player|p1|KingNeptuno|silver|\n|player|p2|plaidhaxx|volkner|\n|teamsize|p1|6\n|teamsize|p2|6\n|gen|9\n|tier|[Gen 9] VGC 2025 Reg I (Bo3)\n|rule|Species Clause: Limit one of each Pok\u00e9mon\n|rule|Item Clause: Limit 1 of each item\n|clearpoke\n|poke|p1|Incineroar, L50, F|\n|poke|p1|Terapagos, L50, M|\n|poke|p1|Rillaboom, L50, M|\n|poke|p1|Calyrex-Shadow, L50|\n|poke|p1|Ogerpon-Cornerstone, L50, F|\n|poke|p1|Whimsicott, L50, F|\n|poke|p2|Miraidon, L50|\n|poke|p2|Lunala, L50|\n|poke|p2|Whimsicott, L50, F|\n|poke|p2|Chi-Yu, L50|\n|poke|p2|Urshifu-*, L50, F|\n|poke|p2|Iron Hands, L50|\n|teampreview|4\n|showteam|p1|Incineroar||SafetyGoggles|Intimidate|FakeOut,FlareBlitz,WillOWisp,KnockOff|||F|||50|,,,,,Ghost]Terapagos||Leftovers|TeraShift|TeraStarstorm,EarthPower,CalmMind,Protect|||M|||50|,,,,,Stellar]Rillaboom||AssaultVest|GrassySurge|WoodHammer,GrassyGlide,FakeOut,Uturn|||M|||50|,,,,,Fire]Calyrex-Shadow||LifeOrb|AsOneSpectrier|AstralBarrage,Psychic,Disable,Protect||||||50|,,,,,Normal]Ogerpon-Cornerstone||CornerstoneMask|Sturdy|IvyCudgel,FollowMe,HornLeech,SpikyShield|||F|||50|,,,,,Rock]Whimsicott||FocusSash|Prankster|Moonblast,Encore,Tailwind,Protect|||F|||50|,,,,,Ghost\n|showteam|p2|Miraidon||ChoiceSpecs|HadronEngine|ElectroDrift,VoltSwitch,DracoMeteor,DazzlingGleam||||||50|,,,,,Fairy]Lunala||ElectricSeed|ShadowShield|MoongeistBeam,Psyshock,TrickRoom,WideGuard||||||50|,,,,,Water]Whimsicott||CovertCloak|Prankster|Moonblast,Tailwind,Encore,LightScreen|||F|||50|,,,,,Dark]Chi-Yu||ChoiceScarf|BeadsofRuin|HeatWave,DarkPulse,Overheat,Snarl||||||50|,,,,,Ghost]Urshifu-Rapid-Strike||FocusSash|UnseenFist|SurgingStrikes,CloseCombat,AquaJet,Detect|||F|||50|,,,,,Stellar]Iron Hands||AssaultVest|QuarkDrive|DrainPunch,LowKick,HeavySlam,FakeOut||||||50|,,,,,Water\n|inactive|Battle timer is ON: inactive players will automatically lose when time's up. (requested by plaidhaxx)\n|c|\u2606plaidhaxx|glhf\n|inactive|KingNeptuno has 60 seconds left.\n|inactive|plaidhaxx has 60 seconds left.\n|inactive|KingNeptuno has 30 seconds left.\n|inactive|plaidhaxx has 30 seconds left.\n|inactive|KingNeptuno has 20 seconds left.\n|inactive|plaidhaxx has 20 seconds left.\n|inactive|KingNeptuno has 15 seconds left.\n|\n|t:|1746044208\n|start\n|switch|p1a: Ogerpon|Ogerpon-Cornerstone, L50, F|100/100\n|switch|p1b: Whimsicott|Whimsicott, L50, F|100/100\n|switch|p2a: Lunala|Lunala, L50|100/100\n|switch|p2b: Whimsicott|Whimsicott, L50, F|100/100\n|turn|1\n|inactive|KingNeptuno has 30 seconds left.\n|inactive|KingNeptuno has 20 seconds left.\n|inactive|plaidhaxx has 30 seconds left.\n|\n|t:|1746044252\n|switch|p1a: Terapagos|Terapagos, L50, M|100/100\n|-activate|p1a: Terapagos|ability: Tera Shift\n|detailschange|p1a: Terapagos|Terapagos-Terastal, L50, M\n|-heal|p1a: Terapagos|100/100|[silent]\n|move|p2b: Whimsicott|Light Screen|p2b: Whimsicott\n|-sidestart|p2: plaidhaxx|move: Light Screen\n|move|p1b: Whimsicott|Moonblast|p2a: Lunala\n|-damage|p2a: Lunala|92/100\n|move|p2a: Lunala|Trick Room|p2a: Lunala\n|-fieldstart|move: Trick Room|[of] p2a: Lunala\n|\n|upkeep\n|turn|2\n|inactive|KingNeptuno has 30 seconds left.\n|inactive|plaidhaxx has 30 seconds left.\n|\n|t:|1746044282\n|move|p1b: Whimsicott|Encore|p2b: Whimsicott\n|-start|p2b: Whimsicott|Encore\n|move|p1a: Terapagos|Calm Mind|p1a: Terapagos\n|-boost|p1a: Terapagos|spa|1\n|-boost|p1a: Terapagos|spd|1\n|move|p2a: Lunala|Psyshock|p1a: Terapagos\n|-activate|p1a: Terapagos|ability: Tera Shell\n|-resisted|p1a: Terapagos\n|-damage|p1a: Terapagos|80/100\n|move|p2b: Whimsicott|Light Screen||[still]\n|-fail|p2b: Whimsicott\n|\n|-heal|p1a: Terapagos|86/100|[from] item: Leftovers\n|upkeep\n|turn|3\n|inactive|KingNeptuno has 30 seconds left.\n|inactive|KingNeptuno has 20 seconds left.\n|\n|t:|1746044320\n|switch|p2b: Chi-Yu|Chi-Yu, L50|100/100\n|-ability|p2b: Chi-Yu|Beads of Ruin\n|move|p1a: Terapagos|Tera Starstorm|p2b: Chi-Yu\n|-damage|p2b: Chi-Yu|30/100\n|move|p2a: Lunala|Psyshock|p1a: Terapagos\n|-damage|p1a: Terapagos|43/100\n|move|p1b: Whimsicott|Moonblast|p2b: Chi-Yu\n|-damage|p2b: Chi-Yu|1/100\n|\n|-heal|p1a: Terapagos|49/100|[from] item: Leftovers\n|upkeep\n|turn|4\n|inactive|plaidhaxx has 30 seconds left.\n|inactive|plaidhaxx has 20 seconds left.\n|\n|t:|1746044357\n|-terastallize|p1a: Terapagos|Stellar\n|detailschange|p1a: Terapagos|Terapagos-Stellar, L50, M, tera:Stellar\n|-heal|p1a: Terapagos|62/100|[silent]\n|move|p1a: Terapagos|Tera Starstorm|p2b: Chi-Yu|[spread] p2a,p2b\n|-damage|p2a: Lunala|52/100\n|-damage|p2b: Chi-Yu|0 fnt\n|faint|p2b: Chi-Yu\n|move|p2a: Lunala|Psyshock|p1a: Terapagos\n|-crit|p1a: Terapagos\n|-damage|p1a: Terapagos|19/100\n|move|p1b: Whimsicott|Moonblast|p2a: Lunala\n|-damage|p2a: Lunala|37/100\n|-unboost|p2a: Lunala|spa|1\n|\n|-heal|p1a: Terapagos|25/100|[from] item: Leftovers\n|upkeep\n|\n|t:|1746044370\n|switch|p2b: Urshifu|Urshifu-Rapid-Strike, L50, F|100/100\n|turn|5\n|inactive|KingNeptuno has 30 seconds left.\n|inactive|KingNeptuno has 20 seconds left.\n|inactive|KingNeptuno has 15 seconds left.\n|inactive|KingNeptuno has 10 seconds left.\n|\n|t:|1746044418\n|switch|p1a: Ogerpon|Ogerpon-Cornerstone, L50, F|100/100\n|move|p1b: Whimsicott|Tailwind|p1b: Whimsicott\n|-sidestart|p1: KingNeptuno|move: Tailwind\n|move|p2a: Lunala|Moongeist Beam|p1b: Whimsicott\n|-damage|p1b: Whimsicott|34/100\n|move|p2b: Urshifu|Surging Strikes|p1a: Ogerpon\n|-crit|p1a: Ogerpon\n|-damage|p1a: Ogerpon|73/100\n|-crit|p1a: Ogerpon\n|-damage|p1a: Ogerpon|44/100\n|-crit|p1a: Ogerpon\n|-damage|p1a: Ogerpon|19/100\n|-hitcount|p1a: Ogerpon|3\n|\n|-sideend|p2: plaidhaxx|move: Light Screen\n|-fieldend|move: Trick Room\n|upkeep\n|turn|6\n|inactive|plaidhaxx has 30 seconds left.\n|\n|t:|1746044451\n|move|p2b: Urshifu|Aqua Jet|p1a: Ogerpon\n|-damage|p1a: Ogerpon|0 fnt\n|faint|p1a: Ogerpon\n|move|p1b: Whimsicott|Moonblast|p2b: Urshifu\n|-supereffective|p2b: Urshifu\n|-damage|p2b: Urshifu|1/100\n|move|p2a: Lunala|Moongeist Beam|p1b: Whimsicott\n|-damage|p1b: Whimsicott|0 fnt\n|faint|p1b: Whimsicott\n|\n|upkeep\n|\n|t:|1746044456\n|switch|p1b: Calyrex|Calyrex-Shadow, L50|100/100\n|switch|p1a: Terapagos|Terapagos-Stellar, L50, M, tera:Stellar|25/100\n|-ability|p1b: Calyrex|As One\n|-ability|p1b: Calyrex|Unnerve\n|turn|7\n|inactive|plaidhaxx has 30 seconds left.\n|\n|t:|1746044488\n|-terastallize|p2b: Urshifu|Stellar\n|move|p2a: Lunala|Wide Guard|p2a: Lunala\n|-singleturn|p2a: Lunala|Wide Guard\n|move|p2b: Urshifu|Aqua Jet|p1a: Terapagos\n|-damage|p1a: Terapagos|8/100\n|move|p1b: Calyrex|Astral Barrage|p2a: Lunala|[spread] \n|-activate|p2a: Lunala|move: Wide Guard\n|-activate|p2b: Urshifu|move: Wide Guard\n|move|p1a: Terapagos|Earth Power|p2b: Urshifu\n|-damage|p2b: Urshifu|0 fnt\n|faint|p2b: Urshifu\n|\n|-heal|p1a: Terapagos|14/100|[from] item: Leftovers\n|upkeep\n|\n|t:|1746044497\n|switch|p2b: Whimsicott|Whimsicott, L50, F|100/100\n|turn|8\n|inactive|KingNeptuno has 30 seconds left.\n|inactive|KingNeptuno has 20 seconds left.\n|inactive|KingNeptuno has 15 seconds left.\n|inactive|KingNeptuno has 10 seconds left.\n|\n|t:|1746044546\n|move|p1b: Calyrex|Astral Barrage|p2a: Lunala|[spread] p2a,p2b\n|-supereffective|p2a: Lunala\n|-damage|p2a: Lunala|0 fnt\n|-damage|p2b: Whimsicott|20/100\n|faint|p2a: Lunala\n|-ability|p1b: Calyrex|Grim Neigh|boost\n|-boost|p1b: Calyrex|spa|1\n|-damage|p1b: Calyrex|91/100|[from] item: Life Orb\n|move|p1a: Terapagos|Tera Starstorm|p2b: Whimsicott\n|-damage|p2b: Whimsicott|0 fnt\n|faint|p2b: Whimsicott\n|\n|win|KingNeptuno\n||KingNeptuno is ready for game 2.\n|inactive|plaidhaxx has 30 seconds to confirm battle start!\n", "uploadtime": 1746044557, "views": 8, "formatid": "gen9vgc2025regibo3", "rating": null, "private": 0, "password": null}