{"id": "gen9vgc2025regibo3-2354325835", "format": "[Gen 9] VGC 2025 Reg I (Bo3)", "players": ["amarin93", "Chaotic Raos"], "log": "|j|\u2606amarin93\n|j|\u2606Chaotic Raos\n|html|<table width=\"100%\"><tr><td align=\"left\">amarin93</td><td align=\"right\">Chaotic Raos</tr><tr><td align=\"left\"><i class=\"fa fa-circle-o\"></i> <i class=\"fa fa-circle-o\"></i> </td><td align=\"right\"><i class=\"fa fa-circle-o\"></i> <i class=\"fa fa-circle\"></i> </tr></table>\n|uhtml|bestof|<h2><strong>Game 2</strong> of <a href=\"/game-bestof3-gen9vgc2025regibo3-2354324867\">a best-of-3</a></h2>\n|t:|1746057621\n|gametype|doubles\n|player|p1|amarin93|lucas-gen4pt|1289\n|player|p2|Chaotic Raos|bellelba|1350\n|teamsize|p1|6\n|teamsize|p2|6\n|gen|9\n|tier|[Gen 9] VGC 2025 Reg I (Bo3)\n|rated|\n|rule|Species Clause: Limit one of each Pok\u00e9mon\n|rule|Item Clause: Limit 1 of each item\n|clearpoke\n|poke|p1|Koraidon, L50|\n|poke|p1|Charizard, L50, M|\n|poke|p1|Flutter Mane, L50|\n|poke|p1|Raging Bolt, L50|\n|poke|p1|Calyrex-Ice, L50|\n|poke|p1|Shiftry, L50, F|\n|poke|p2|Kyogre, L50|\n|poke|p2|Tornadus, L50, M|\n|poke|p2|Zacian-*, L50|\n|poke|p2|Amoonguss, L50, F|\n|poke|p2|Iron Hands, L50|\n|poke|p2|Flutter Mane, L50|\n|teampreview|4\n|showteam|p1|Koraidon||LifeOrb|OrichalcumPulse|CloseCombat,FlareBlitz,FlameCharge,Protect||||||50|,,,,,Fire]Charizard||ChoiceSpecs|SolarPower|HeatWave,Overheat,AirSlash,Flamethrower|||M|||50|,,,,,Fire]Flutter Mane||FocusSash|Protosynthesis|Moonblast,IcyWind,ThunderWave,Taunt||||||50|,,,,,Normal]Raging Bolt||AssaultVest|Protosynthesis|Snarl,Thunderbolt,Thunderclap,DragonPulse||||||50|,,,,,Water]Calyrex-Ice||ClearAmulet|AsOneGlastrier|GlacialLance,HighHorsepower,TrickRoom,Imprison||||||50|,,,,,Fire]Shiftry||CovertCloak|Chlorophyll|FakeOut,KnockOff,LeafBlade,Tailwind|||F|||50|,,,,,Ghost\n|showteam|p2|Kyogre||MysticWater|Drizzle|WaterSpout,OriginPulse,Protect,IceBeam||||||50|,,,,,Grass]Tornadus||CovertCloak|Prankster|Tailwind,BleakwindStorm,Taunt,RainDance|||M|||50|,,,,,Dark]Zacian-Crowned||RustedSword|IntrepidSword|behemothblade,PlayRough,SacredSword,Protect||||||50|,,,,,Water]Amoonguss||RockyHelmet|Regenerator|Spore,RagePowder,PollenPuff,Protect|||F|||50|,,,,,Water]Iron Hands||AssaultVest|QuarkDrive|FakeOut,WildCharge,DrainPunch,LowKick||||||50|,,,,,Grass]Flutter Mane||BoosterEnergy|Protosynthesis|ShadowBall,DazzlingGleam,IcyWind,Protect||||||50|,,,,,Fairy\n|\n|t:|1746057652\n|start\n|switch|p1a: Shiftry|Shiftry, L50, F|100/100\n|switch|p1b: Flutter Mane|Flutter Mane, L50|100/100\n|switch|p2a: Flutter Mane|Flutter Mane, L50|100/100\n|switch|p2b: Tornadus|Tornadus, L50, M|100/100\n|-enditem|p2a: Flutter Mane|Booster Energy\n|-activate|p2a: Flutter Mane|ability: Protosynthesis|[fromitem]\n|-start|p2a: Flutter Mane|protosynthesisspe\n|turn|1\n|\n|t:|1746057674\n|-terastallize|p1a: Shiftry|Ghost\n|move|p2b: Tornadus|Tailwind|p2b: Tornadus\n|-sidestart|p2: Chaotic Raos|move: Tailwind\n|move|p2a: Flutter Mane|Dazzling Gleam|p1b: Flutter Mane|[spread] p1a,p1b\n|-damage|p1a: Shiftry|50/100\n|-damage|p1b: Flutter Mane|66/100\n|move|p1b: Flutter Mane|Thunder Wave|p2a: Flutter Mane\n|-status|p2a: Flutter Mane|par\n|move|p1a: Shiftry|Tailwind|p1a: Shiftry\n|-sidestart|p1: amarin93|move: Tailwind\n|\n|upkeep\n|turn|2\n|\n|t:|1746057694\n|-terastallize|p2a: Flutter Mane|Fairy\n|move|p2b: Tornadus|Taunt|p1b: Flutter Mane\n|-start|p1b: Flutter Mane|move: Taunt\n|move|p1b: Flutter Mane|Icy Wind|p2b: Tornadus|[spread] p2a,p2b\n|-supereffective|p2b: Tornadus\n|-damage|p2a: Flutter Mane|86/100 par\n|-damage|p2b: Tornadus|60/100\n|-unboost|p2a: Flutter Mane|spe|1\n|move|p1a: Shiftry|Knock Off|p2b: Tornadus\n|-damage|p2b: Tornadus|0 fnt\n|-enditem|p2b: Tornadus|Covert Cloak|[from] move: Knock Off|[of] p1a: Shiftry\n|faint|p2b: Tornadus\n|move|p2a: Flutter Mane|Dazzling Gleam|p1a: Shiftry|[spread] p1a,p1b\n|-damage|p1a: Shiftry|0 fnt\n|-damage|p1b: Flutter Mane|24/100\n|faint|p1a: Shiftry\n|\n|upkeep\n|\n|t:|1746057712\n|switch|p2b: Iron Hands|Iron Hands, L50|100/100\n|switch|p1a: Raging Bolt|Raging Bolt, L50|100/100\n|turn|3\n|\n|t:|1746057723\n|move|p2b: Iron Hands|Fake Out|p1a: Raging Bolt\n|-damage|p1a: Raging Bolt|87/100\n|move|p1b: Flutter Mane|Moonblast|p2b: Iron Hands\n|-supereffective|p2b: Iron Hands\n|-damage|p2b: Iron Hands|46/100\n|cant|p1a: Raging Bolt|flinch\n|move|p2a: Flutter Mane|Dazzling Gleam|p1b: Flutter Mane|[spread] p1a,p1b\n|-supereffective|p1a: Raging Bolt\n|-damage|p1a: Raging Bolt|41/100\n|-damage|p1b: Flutter Mane|0 fnt\n|faint|p1b: Flutter Mane\n|-end|p1b: Flutter Mane|Protosynthesis|[silent]\n|\n|upkeep\n|\n|t:|1746057736\n|switch|p1b: Koraidon|Koraidon, L50|100/100\n|-weather|SunnyDay|[from] ability: Orichalcum Pulse|[of] p1b: Koraidon\n|-activate|p1a: Raging Bolt|ability: Protosynthesis\n|-start|p1a: Raging Bolt|protosynthesisspa\n|-activate|p1b: Koraidon|Orichalcum Pulse|[source]\n|turn|4\n|\n|t:|1746057757\n|move|p1a: Raging Bolt|Thunderclap|p2a: Flutter Mane\n|-damage|p2a: Flutter Mane|35/100 par\n|move|p1b: Koraidon|Flare Blitz|p2a: Flutter Mane\n|-damage|p2a: Flutter Mane|0 fnt\n|faint|p2a: Flutter Mane\n|-end|p2a: Flutter Mane|Protosynthesis|[silent]\n|-damage|p1b: Koraidon|91/100|[from] Recoil\n|-damage|p1b: Koraidon|81/100|[from] item: Life Orb\n|move|p2b: Iron Hands|Low Kick|p1b: Koraidon\n|-crit|p1b: Koraidon\n|-damage|p1b: Koraidon|0 fnt\n|faint|p1b: Koraidon\n|\n|-weather|SunnyDay|[upkeep]\n|-sideend|p2: Chaotic Raos|move: Tailwind\n|-sideend|p1: amarin93|move: Tailwind\n|upkeep\n|-message|amarin93 forfeited.\n|\n|win|Chaotic Raos\n|raw|amarin93's rating: 1289 &rarr; <strong>1268</strong><br />(-21 for losing)\n|raw|Chaotic Raos's rating: 1350 &rarr; <strong>1367</strong><br />(+17 for winning)\n|l|\u2606amarin93\n|player|p1|\n", "uploadtime": 1746057786, "views": 15, "formatid": "gen9vgc2025regibo3", "rating": 1268, "private": 0, "password": null}