{"id": "gen9vgc2025regibo3-2354133342", "format": "[Gen 9] VGC 2025 Reg I (Bo3)", "players": ["viperr3", "Piti-49"], "log": "|j|\u2606viperr3\n|j|\u2606Piti-49\n|html|<table width=\"100%\"><tr><td align=\"left\">viperr3</td><td align=\"right\">Piti-49</tr><tr><td align=\"left\"><i class=\"fa fa-circle-o\"></i> <i class=\"fa fa-circle-o\"></i> </td><td align=\"right\"><i class=\"fa fa-circle-o\"></i> <i class=\"fa fa-circle-o\"></i> </tr></table>\n|uhtml|bestof|<h2><strong>Game 1</strong> of <a href=\"/game-bestof3-gen9vgc2025regibo3-2354133341\">a best-of-3</a></h2>\n|t:|1746037715\n|gametype|doubles\n|player|p1|viperr3|266|1081\n|player|p2|Piti-49|101|1176\n|teamsize|p1|6\n|teamsize|p2|6\n|gen|9\n|tier|[Gen 9] VGC 2025 Reg I (Bo3)\n|rated|\n|rule|Species Clause: Limit one of each Pok\u00e9mon\n|rule|Item Clause: Limit 1 of each item\n|clearpoke\n|poke|p1|Calyrex-Shadow, L50|\n|poke|p1|Amoonguss, L50, F|\n|poke|p1|Ursaluna-Bloodmoon, L50, M|\n|poke|p1|Incineroar, L50, F|\n|poke|p1|Indeedee-F, L50, F|\n|poke|p1|Zamazenta-*, L50|\n|poke|p2|Miraidon, L50|\n|poke|p2|Raichu-Alola, L50, M|\n|poke|p2|Kyogre, L50|\n|poke|p2|Wo-Chien, L50|\n|poke|p2|Iron Valiant, L50|\n|poke|p2|Perrserker, L50, F|\n|teampreview|4\n|showteam|p1|Calyrex-Shadow||ChoiceSpecs|AsOneSpectrier|AstralBarrage,PollenPuff,DrainingKiss,ExpandingForce||||||50|,,,,,Ghost]Amoonguss||Leftovers|EffectSpore|RagePowder,Spore,PollenPuff,GigaDrain|||F|||50|,,,,,Water]Ursaluna-Bloodmoon||LifeOrb|MindsEye|BloodMoon,CalmMind,HyperVoice,EarthPower|||M|||50|,,,,,Normal]Incineroar||SafetyGoggles|Intimidate|Protect,FakeOut,PartingShot,KnockOff|||F|||50|,,,,,Water]Indeedee-F||FocusSash|PsychicSurge|HelpingHand,TrickRoom,FollowMe,DazzlingGleam|||F|||50|,,,,,Grass]Zamazenta-Crowned||RustedShield|DauntlessShield|BodyPress,Crunch,WideGuard,Protect||||||50|,,,,,Fighting\n|showteam|p2|Miraidon||ChoiceSpecs|HadronEngine|VoltSwitch,ElectroDrift,DracoMeteor,DazzlingGleam||||||50|,,,,,Fairy]Raichu-Alola||ElectricSeed|SurgeSurfer|SkillSwap,Nuzzle,HelpingHand,FakeOut|||M|||50|,,,,,Normal]Kyogre||MysticWater|Drizzle|Protect,CalmMind,WaterSpout,IceBeam||||||50|,,,,,Grass]Wo-Chien||RockyHelmet|TabletsofRuin|PollenPuff,Ruination,Protect,LeechSeed||||||50|,,,,,Poison]Iron Valiant||FocusSash|QuarkDrive|CloseCombat,WideGuard,Protect,SpiritBreak||||||50|,,,,,Ghost]Perrserker||AssaultVest|SteelySpirit|IronHead,FakeOut,KnockOff,Uturn|||F|||50|,,,,,Dragon\n|inactive|Battle timer is ON: inactive players will automatically lose when time's up. (requested by viperr3)\n|inactive|Piti-49 has 60 seconds left.\n|\n|t:|1746037756\n|start\n|switch|p1a: Calyrex|Calyrex-Shadow, L50|100/100\n|switch|p1b: Indeedee|Indeedee-F, L50, F|100/100\n|switch|p2a: Perrserker|Perrserker, L50, F|100/100\n|switch|p2b: Wo-Chien|Wo-Chien, L50|100/100\n|-ability|p1a: Calyrex|As One\n|-ability|p1a: Calyrex|Unnerve\n|-ability|p2b: Wo-Chien|Tablets of Ruin\n|-fieldstart|move: Psychic Terrain|[from] ability: Psychic Surge|[of] p1b: Indeedee\n|turn|1\n|inactive|Piti-49 has 30 seconds left.\n|\n|t:|1746037787\n|-terastallize|p1a: Calyrex|Ghost\n|move|p1b: Indeedee|Helping Hand|p1a: Calyrex\n|-singleturn|p1a: Calyrex|Helping Hand|[of] p1b: Indeedee\n|move|p1a: Calyrex|Astral Barrage|p2b: Wo-Chien|[spread] p2a,p2b\n|-resisted|p2b: Wo-Chien\n|-damage|p2a: Perrserker|0 fnt\n|-damage|p2b: Wo-Chien|42/100\n|faint|p2a: Perrserker\n|-ability|p1a: Calyrex|Grim Neigh|boost\n|-boost|p1a: Calyrex|spa|1\n|move|p2b: Wo-Chien|Leech Seed|p1b: Indeedee|[miss]\n|-miss|p2b: Wo-Chien|p1b: Indeedee\n|\n|upkeep\n|\n|t:|1746037800\n|switch|p2a: Miraidon|Miraidon, L50|100/100\n|-fieldstart|move: Electric Terrain|[from] ability: Hadron Engine|[of] p2a: Miraidon\n|turn|2\n|c|\u2606viperr3|I think that was the best that turn could've went for me ngl\n|\n|t:|1746037816\n|move|p1b: Indeedee|Helping Hand|p1a: Calyrex\n|-singleturn|p1a: Calyrex|Helping Hand|[of] p1b: Indeedee\n|move|p1a: Calyrex|Astral Barrage|p2b: Wo-Chien|[spread] p2a,p2b\n|-resisted|p2b: Wo-Chien\n|-damage|p2a: Miraidon|0 fnt\n|-damage|p2b: Wo-Chien|0 fnt\n|faint|p2a: Miraidon\n|faint|p2b: Wo-Chien\n|-ability|p1a: Calyrex|Grim Neigh|boost\n|-boost|p1a: Calyrex|spa|2\n|\n|upkeep\n|\n|t:|1746037824\n|switch|p2b: Kyogre|Kyogre, L50|100/100\n|-weather|RainDance|[from] ability: Drizzle|[of] p2b: Kyogre\n|turn|3\n|\n|t:|1746037835\n|move|p1b: Indeedee|Helping Hand|p1a: Calyrex\n|-singleturn|p1a: Calyrex|Helping Hand|[of] p1b: Indeedee\n|move|p1a: Calyrex|Astral Barrage|p2b: Kyogre\n|-damage|p2b: Kyogre|0 fnt\n|faint|p2b: Kyogre\n|\n|win|viperr3\n||Piti-49 is ready for game 2.\n|inactive|viperr3 has 30 seconds to confirm battle start!\n||viperr3 is ready for game 2.\n|uhtml|next|Next: <a href=\"/battle-gen9vgc2025regibo3-2354134829\"><strong>Game 2 of 3</strong></a>\n|l|\u2606Piti-49\n|player|p2|\n", "uploadtime": 1746038125, "views": 6, "formatid": "gen9vgc2025regibo3", "rating": null, "private": 0, "password": null}