{"id": "gen9vgc2025regibo3-2354793776", "format": "[Gen 9] VGC 2025 Reg I (Bo3)", "players": ["vgubersun", "yung elmers glue"], "log": "|j|\u2606vgubersun\n|j|\u2606yung elmers glue\n|html|<table width=\"100%\"><tr><td align=\"left\">vgubersun</td><td align=\"right\">yung elmers glue</tr><tr><td align=\"left\"><i class=\"fa fa-circle-o\"></i> <i class=\"fa fa-circle-o\"></i> </td><td align=\"right\"><i class=\"fa fa-circle-o\"></i> <i class=\"fa fa-circle-o\"></i> </tr></table>\n|uhtml|bestof|<h2><strong>Game 1</strong> of <a href=\"/game-bestof3-gen9vgc2025regibo3-2354793775\">a best-of-3</a></h2>\n|t:|1746120293\n|gametype|doubles\n|player|p1|vgubersun|hilbert-wonderlauncher|1418\n|player|p2|yung elmers glue|juan|1438\n|teamsize|p1|6\n|teamsize|p2|6\n|gen|9\n|tier|[Gen 9] VGC 2025 Reg I (Bo3)\n|rated|\n|rule|Species Clause: Limit one of each Pok\u00e9mon\n|rule|Item Clause: Limit 1 of each item\n|clearpoke\n|poke|p1|Tornadus, L50, M|\n|poke|p1|Farigiraf, L50, M|\n|poke|p1|Urshifu-*, L50, F|\n|poke|p1|Ursaluna, L50, F|\n|poke|p1|Lunala, L50|\n|poke|p1|Miraidon, L50|\n|poke|p2|Incineroar, L50, M|\n|poke|p2|Miraidon, L50|\n|poke|p2|Farigiraf, L50, F|\n|poke|p2|Calyrex-Ice, L50|\n|poke|p2|Ditto, L50|\n|poke|p2|Urshifu-*, L50, F|\n|teampreview|4\n|showteam|p1|Tornadus||FocusSash|Prankster|Tailwind,BleakwindStorm,RainDance,Protect|||M|||50|,,,,,Ghost]Farigiraf||ElectricSeed|ArmorTail|TrickRoom,HelpingHand,FoulPlay,Psychic|||M|||50|,,,,,Dark]Urshifu-Rapid-Strike||ChoiceScarf|UnseenFist|SurgingStrikes,CloseCombat,AquaJet,Uturn|||F|||50|,,,,,Water]Ursaluna||FlameOrb|Guts|Facade,HeadlongRush,Earthquake,Protect|||F|||50|,,,,,Ghost]Lunala||SpellTag|ShadowShield|MoongeistBeam,Moonblast,WideGuard,TrickRoom||||||50|,,,,,Fairy]Miraidon||ChoiceSpecs|HadronEngine|ElectroDrift,DracoMeteor,VoltSwitch,DazzlingGleam||||||50|,,,,,Fairy\n|showteam|p2|Incineroar||AssaultVest|Intimidate|FlareBlitz,KnockOff,Uturn,FakeOut|||M|||50|,,,,,Water]Miraidon||ChoiceSpecs|HadronEngine|ElectroDrift,DazzlingGleam,VoltSwitch,DracoMeteor||||||50|,,,,,Fairy]Farigiraf||ElectricSeed|ArmorTail|FoulPlay,Psychic,TrickRoom,HelpingHand|||F|||50|,,,,,Water]Calyrex-Ice||ClearAmulet|AsOneGlastrier|GlacialLance,HighHorsepower,TrickRoom,Protect||||||50|,,,,,Water]Ditto||FocusSash|Imposter|Transform||||||50|,,,,,Ghost]Urshifu-Rapid-Strike||ChoiceScarf|UnseenFist|SurgingStrikes,CloseCombat,Coaching,Uturn|||F|||50|,,,,,Water\n|inactive|Battle timer is ON: inactive players will automatically lose when time's up. (requested by vgubersun)\n|inactive|yung elmers glue has 60 seconds left.\n|\n|t:|1746120337\n|start\n|switch|p1a: Farigiraf|Farigiraf, L50, M|100/100\n|switch|p1b: Miraidon|Miraidon, L50|100/100\n|switch|p2a: Urshifu|Urshifu-Rapid-Strike, L50, F|100/100\n|switch|p2b: Incineroar|Incineroar, L50, M|100/100\n|-fieldstart|move: Electric Terrain|[from] ability: Hadron Engine|[of] p1b: Miraidon\n|-enditem|p1a: Farigiraf|Electric Seed\n|-boost|p1a: Farigiraf|def|1|[from] item: Electric Seed\n|-ability|p2b: Incineroar|Intimidate|boost\n|-unboost|p1a: Farigiraf|atk|1\n|-unboost|p1b: Miraidon|atk|1\n|turn|1\n|inactive|vgubersun has 30 seconds left.\n|inactive|vgubersun has 20 seconds left.\n|\n|t:|1746120373\n|move|p2a: Urshifu|U-turn|p1a: Farigiraf\n|-supereffective|p1a: Farigiraf\n|-crit|p1a: Farigiraf\n|-damage|p1a: Farigiraf|32/100\n|\n|t:|1746120376\n|switch|p2a: Ditto|Ditto, L50|100/100|[from] U-turn\n|-transform|p2a: Ditto|p1b: Miraidon|[from] ability: Imposter\n|-activate|p2a: Ditto|ability: Hadron Engine\n|move|p1b: Miraidon|Volt Switch|p2a: Ditto\n|-resisted|p2a: Ditto\n|-damage|p2a: Ditto|73/100\n|\n|t:|1746120385\n|switch|p1b: Ursaluna|Ursaluna, L50, F|100/100|[from] Volt Switch\n|move|p2b: Incineroar|U-turn|p1a: Farigiraf\n|-supereffective|p1a: Farigiraf\n|-damage|p1a: Farigiraf|4/100\n|\n|t:|1746120391\n|switch|p2b: Urshifu|Urshifu-Rapid-Strike, L50, F|100/100|[from] U-turn\n|move|p1a: Farigiraf|Foul Play|p2a: Ditto\n|-damage|p2a: Ditto|60/100\n|\n|-status|p1b: Ursaluna|brn|[from] item: Flame Orb\n|upkeep\n|turn|2\n|\n|t:|1746120406\n|switch|p1b: Lunala|Lunala, L50|100/100\n|move|p2b: Urshifu|Surging Strikes|p1b: Lunala\n|-crit|p1b: Lunala\n|-damage|p1b: Lunala|92/100\n|-crit|p1b: Lunala\n|-damage|p1b: Lunala|77/100\n|-crit|p1b: Lunala\n|-damage|p1b: Lunala|61/100\n|-hitcount|p1b: Lunala|3\n|move|p2a: Ditto|Dazzling Gleam|p1b: Lunala|[spread] p1a,p1b\n|-damage|p1a: Farigiraf|0 fnt\n|-damage|p1b: Lunala|41/100\n|faint|p1a: Farigiraf\n|\n|upkeep\n|\n|t:|1746120419\n|switch|p1a: Miraidon|Miraidon, L50|100/100\n|-activate|p1a: Miraidon|ability: Hadron Engine\n|turn|3\n|\n|t:|1746120430\n|-terastallize|p1a: Miraidon|Fairy\n|move|p1b: Lunala|Wide Guard|p1b: Lunala\n|-singleturn|p1b: Lunala|Wide Guard\n|move|p2b: Urshifu|Surging Strikes|p1b: Lunala\n|-crit|p1b: Lunala\n|-damage|p1b: Lunala|25/100\n|-crit|p1b: Lunala\n|-damage|p1b: Lunala|8/100\n|-crit|p1b: Lunala\n|-damage|p1b: Lunala|0 fnt\n|faint|p1b: Lunala\n|-hitcount|p1: Lunala|3\n|move|p2a: Ditto|Electro Drift|p1a: Miraidon\n|-damage|p1a: Miraidon|9/100\n|move|p1a: Miraidon|Dazzling Gleam|p2b: Urshifu|[spread] p2a,p2b\n|-supereffective|p2a: Ditto\n|-crit|p2a: Ditto\n|-supereffective|p2b: Urshifu\n|-damage|p2a: Ditto|0 fnt\n|-damage|p2b: Urshifu|0 fnt\n|faint|p2a: Ditto\n|faint|p2b: Urshifu\n|\n|upkeep\n|\n|t:|1746120448\n|switch|p2b: Miraidon|Miraidon, L50|100/100\n|switch|p1b: Ursaluna|Ursaluna, L50, F|100/100 brn\n|switch|p2a: Incineroar|Incineroar, L50, M|100/100\n|-activate|p2b: Miraidon|ability: Hadron Engine\n|-ability|p2a: Incineroar|Intimidate|boost\n|-unboost|p1a: Miraidon|atk|1\n|-unboost|p1b: Ursaluna|atk|1\n|turn|4\n|\n|t:|1746120457\n|-terastallize|p2b: Miraidon|Fairy\n|move|p2a: Incineroar|Fake Out|p1a: Miraidon\n|-damage|p1a: Miraidon|0 fnt\n|faint|p1a: Miraidon\n|move|p2b: Miraidon|Dazzling Gleam|p1b: Ursaluna\n|-crit|p1b: Ursaluna\n|-damage|p1b: Ursaluna|0 fnt\n|faint|p1b: Ursaluna\n|\n|win|yung elmers glue\n||vgubersun is ready for game 2.\n||yung elmers glue is ready for game 2.\n|uhtml|next|Next: <a href=\"/battle-gen9vgc2025regibo3-2354795748\"><strong>Game 2 of 3</strong></a>\n|l|\u2606vgubersun\n|player|p1|\n|l|\u2606yung elmers glue\n|player|p2|\n", "uploadtime": 1746120706, "views": 5, "formatid": "gen9vgc2025regibo3", "rating": null, "private": 0, "password": null}