{"id": "gen9vgc2025regibo3-2354222470", "format": "[Gen 9] VGC 2025 Reg I (Bo3)", "players": ["kidmilk1", "fireb7798"], "log": "|j|\u2606kidmilk1\n|j|\u2606fireb7798\n|html|<table width=\"100%\"><tr><td align=\"left\">kidmilk1</td><td align=\"right\">fireb7798</tr><tr><td align=\"left\"><i class=\"fa fa-circle-o\"></i> <i class=\"fa fa-circle-o\"></i> </td><td align=\"right\"><i class=\"fa fa-circle-o\"></i> <i class=\"fa fa-circle\"></i> </tr></table>\n|uhtml|bestof|<h2><strong>Game 2</strong> of <a href=\"/game-bestof3-gen9vgc2025regibo3-2354220628\">a best-of-3</a></h2>\n|t:|1746046219\n|gametype|doubles\n|player|p1|kidmilk1|265|1122\n|player|p2|fireb7798|shauntal|1115\n|teamsize|p1|6\n|teamsize|p2|6\n|gen|9\n|tier|[Gen 9] VGC 2025 Reg I (Bo3)\n|rated|\n|rule|Species Clause: Limit one of each Pok\u00e9mon\n|rule|Item Clause: Limit 1 of each item\n|clearpoke\n|poke|p1|Koraidon, L50|\n|poke|p1|Calyrex-Shadow, L50|\n|poke|p1|Indeedee-F, L50, F|\n|poke|p1|Chi-Yu, L50|\n|poke|p1|Whimsicott, L50, F|\n|poke|p1|Ogerpon-Cornerstone, L50, F|\n|poke|p2|Groudon, L50|\n|poke|p2|Lunala, L50|\n|poke|p2|Meowstic, L50, M|\n|poke|p2|Roaring Moon, L50|\n|poke|p2|Flutter Mane, L50|\n|poke|p2|Ogerpon-Hearthflame, L50, F|\n|teampreview|4\n|showteam|p1|Koraidon||ClearAmulet|OrichalcumPulse|CollisionCourse,FlareBlitz,Protect,FlameCharge||||||50|,,,,,Fire]Calyrex-Shadow||LifeOrb|AsOneSpectrier|AstralBarrage,ExpandingForce,Protect,DrainingKiss||||||50|,,,,,Fairy]Indeedee-F||AbilityShield|PsychicSurge|ShadowBall,FollowMe,HelpingHand,TrickRoom|||F|||50|,,,,,Water]Chi-Yu||ChoiceScarf|BeadsofRuin|HeatWave,DarkPulse,Snarl,Overheat||||||50|,,,,,Fire]Whimsicott||CovertCloak|Prankster|Moonblast,Encore,HelpingHand,Tailwind|||F|||50|,,,,,Dark]Ogerpon-Cornerstone||CornerstoneMask|Sturdy|IvyCudgel,HornLeech,FollowMe,SpikyShield|||F|||50|,,,,,Rock\n|showteam|p2|Groudon||ClearAmulet|Drought|PrecipiceBlades,FirePunch,BrickBreak,Protect||||||50|,,,,,Steel]Lunala||Leftovers|ShadowShield|TrickRoom,ExpandingForce,MoongeistBeam,WideGuard||||||50|,,,,,Dark]Meowstic||EjectButton|Prankster|Reflect,Gravity,PsychicTerrain,LightScreen|||M|||50|,,,,,Dark]Roaring Moon||CovertCloak|Protosynthesis|KnockOff,Tailwind,Protect,Taunt||||||50|,,,,,Poison]Flutter Mane||FocusSash|Protosynthesis|ShadowBall,Protect,Moonblast,ThunderWave||||||50|,,,,,Dark]Ogerpon-Hearthflame||HearthflameMask|MoldBreaker|IvyCudgel,WoodHammer,SpikyShield,FollowMe|||F|||50|,,,,,Fire\n|\n|t:|1746046243\n|start\n|switch|p1a: Koraidon|Koraidon, L50|100/100\n|switch|p1b: Calyrex|Calyrex-Shadow, L50|100/100\n|switch|p2a: Lunala|Lunala, L50|100/100\n|switch|p2b: Roaring Moon|Roaring Moon, L50|100/100\n|-ability|p1b: Calyrex|As One\n|-ability|p1b: Calyrex|Unnerve\n|-weather|SunnyDay|[from] ability: Orichalcum Pulse|[of] p1a: Koraidon\n|-activate|p2b: Roaring Moon|ability: Protosynthesis\n|-start|p2b: Roaring Moon|protosynthesisspe\n|-activate|p1a: Koraidon|Orichalcum Pulse|[source]\n|turn|1\n|\n|t:|1746046286\n|-terastallize|p2a: Lunala|Dark\n|move|p1a: Koraidon|Protect|p1a: Koraidon\n|-singleturn|p1a: Koraidon|Protect\n|move|p2b: Roaring Moon|Tailwind|p2b: Roaring Moon\n|-sidestart|p2: fireb7798|move: Tailwind\n|move|p2a: Lunala|Expanding Force|p1b: Calyrex\n|-resisted|p1b: Calyrex\n|-damage|p1b: Calyrex|77/100\n|move|p1b: Calyrex|Astral Barrage|p2b: Roaring Moon|[spread] p2a,p2b\n|-resisted|p2a: Lunala\n|-resisted|p2b: Roaring Moon\n|-damage|p2a: Lunala|88/100\n|-damage|p2b: Roaring Moon|70/100\n|-damage|p1b: Calyrex|68/100|[from] item: Life Orb\n|\n|-weather|SunnyDay|[upkeep]\n|-heal|p2a: Lunala|94/100|[from] item: Leftovers\n|upkeep\n|turn|2\n|\n|t:|1746046321\n|switch|p1b: Chi-Yu|Chi-Yu, L50|100/100\n|-ability|p1b: Chi-Yu|Beads of Ruin\n|-terastallize|p1a: Koraidon|Fire\n|move|p2b: Roaring Moon|Knock Off|p1b: Chi-Yu\n|-resisted|p1b: Chi-Yu\n|-damage|p1b: Chi-Yu|69/100\n|-enditem|p1b: Chi-Yu|Choice Scarf|[from] move: Knock Off|[of] p2b: Roaring Moon\n|move|p2a: Lunala|Expanding Force|p1a: Koraidon\n|-damage|p1a: Koraidon|44/100\n|move|p1a: Koraidon|Collision Course|p2a: Lunala\n|-supereffective|p2a: Lunala\n|-damage|p2a: Lunala|0 fnt\n|faint|p2a: Lunala\n|\n|-weather|SunnyDay|[upkeep]\n|upkeep\n|\n|t:|1746046330\n|switch|p2a: Groudon|Groudon, L50|100/100\n|turn|3\n|\n|t:|1746046357\n|-end|p2b: Roaring Moon|Protosynthesis|[silent]\n|switch|p2b: Meowstic|Meowstic, L50, M|100/100\n|move|p1a: Koraidon|Protect|p1a: Koraidon\n|-singleturn|p1a: Koraidon|Protect\n|move|p2a: Groudon|Precipice Blades|p1a: Koraidon|[spread] p1b\n|-activate|p1a: Koraidon|move: Protect\n|-supereffective|p1b: Chi-Yu\n|-damage|p1b: Chi-Yu|0 fnt\n|faint|p1b: Chi-Yu\n|\n|-weather|SunnyDay|[upkeep]\n|upkeep\n|\n|t:|1746046369\n|switch|p1b: Calyrex|Calyrex-Shadow, L50|68/100\n|-ability|p1b: Calyrex|As One\n|-ability|p1b: Calyrex|Unnerve\n|turn|4\n|\n|t:|1746046379\n|switch|p1a: Indeedee|Indeedee-F, L50, F|100/100\n|-fieldstart|move: Psychic Terrain|[from] ability: Psychic Surge|[of] p1a: Indeedee\n|move|p2b: Meowstic|Light Screen|p2b: Meowstic\n|-sidestart|p2: fireb7798|move: Light Screen\n|move|p2a: Groudon|Precipice Blades|p1a: Indeedee|[spread] p1a,p1b\n|-damage|p1a: Indeedee|45/100\n|-damage|p1b: Calyrex|0 fnt\n|faint|p1b: Calyrex\n|\n|-weather|SunnyDay|[upkeep]\n|-sideend|p2: fireb7798|move: Tailwind\n|upkeep\n|-message|kidmilk1 forfeited.\n|\n|win|fireb7798\n|raw|kidmilk1's rating: 1122 &rarr; <strong>1096</strong><br />(-26 for losing)\n|raw|fireb7798's rating: 1115 &rarr; <strong>1141</strong><br />(+26 for winning)\n|l|\u2606kidmilk1\n|player|p1|\n|l|\u2606fireb7798\n|player|p2|\n|j|\u2606fireb7798\n|player|p2|fireb7798|shauntal|\n|l|\u2606fireb7798\n|player|p2|\n", "uploadtime": 1746046731, "views": 6, "formatid": "gen9vgc2025regibo3", "rating": 1096, "private": 0, "password": null}