{"id": "gen9vgc2025regibo3-2354284757", "format": "[Gen 9] VGC 2025 Reg I (Bo3)", "players": ["tmot17", "Mortimerd"], "log": "|j|\u2606tmot17\n|j|\u203dMortimerd\n|html|<table width=\"100%\"><tr><td align=\"left\">tmot17</td><td align=\"right\">Mortimerd</tr><tr><td align=\"left\"><i class=\"fa fa-circle-o\"></i> <i class=\"fa fa-circle-o\"></i> </td><td align=\"right\"><i class=\"fa fa-circle-o\"></i> <i class=\"fa fa-circle-o\"></i> </tr></table>\n|uhtml|bestof|<h2><strong>Game 1</strong> of <a href=\"/game-bestof3-gen9vgc2025regibo3-2354284756\">a best-of-3</a></h2>\n|t:|1746052847\n|gametype|doubles\n|player|p1|tmot17|drayden|1161\n|player|p2|Mortimerd|170|1126\n|teamsize|p1|6\n|teamsize|p2|6\n|gen|9\n|tier|[Gen 9] VGC 2025 Reg I (Bo3)\n|rated|\n|rule|Species Clause: Limit one of each Pok\u00e9mon\n|rule|Item Clause: Limit 1 of each item\n|clearpoke\n|poke|p1|Miraidon, L50|\n|poke|p1|Kyogre, L50|\n|poke|p1|Tornadus, L50, M|\n|poke|p1|Farigiraf, L50, M|\n|poke|p1|Urshifu-*, L50, M|\n|poke|p1|Ogerpon-Hearthflame, L50, F|\n|poke|p2|Lunala, L50|\n|poke|p2|Koraidon, L50|\n|poke|p2|Grimmsnarl, L50, M|\n|poke|p2|Ogerpon-Cornerstone, L50, F|\n|poke|p2|Charizard, L50, F|\n|poke|p2|Raging Bolt, L50|\n|teampreview|4\n|showteam|p1|Miraidon||ChoiceSpecs|HadronEngine|VoltSwitch,ElectroDrift,DazzlingGleam,DracoMeteor||||||50|,,,,,Fairy]Kyogre||MysticWater|Drizzle|WaterSpout,OriginPulse,IceBeam,Protect||||||50|,,,,,Grass]Tornadus||CovertCloak|Prankster|BleakwindStorm,Tailwind,Taunt,RainDance|||M|||50|,,,,,Dark]Farigiraf||ThroatSpray|ArmorTail|HyperVoice,Imprison,TrickRoom,HelpingHand|||M|||50|,,,,,Normal]Urshifu||ChoiceBand|UnseenFist|CloseCombat,WickedBlow,SuckerPunch,Uturn|||M|||50|,,,,,Bug]Ogerpon-Hearthflame||HearthflameMask|MoldBreaker|IvyCudgel,HornLeech,SpikyShield,FollowMe|||F|||50|,,,,,Fire\n|showteam|p2|Lunala||PowerHerb|ShadowShield|MeteorBeam,MoongeistBeam,WideGuard,TrickRoom||||||50|,,,,,Fairy]Koraidon||ClearAmulet|OrichalcumPulse|CollisionCourse,FlareBlitz,FlameCharge,Protect||||||50|,,,,,Fire]Grimmsnarl||LightClay|Prankster|Reflect,LightScreen,FoulPlay,ThunderWave|||M|||50|,,,,,Ghost]Ogerpon-Cornerstone||CornerstoneMask|Sturdy|IvyCudgel,HornLeech,FollowMe,SpikyShield|||F|||50|,,,,,Rock]Charizard||ChoiceScarf|SolarPower|HeatWave,Overheat,AirSlash,Hurricane|||F|||50|,,,,,Ghost]Raging Bolt||AssaultVest|Protosynthesis|Electroweb,Thunderclap,Thunderbolt,DragonPulse||||||50|,,,,,Electric\n|inactive|Battle timer is ON: inactive players will automatically lose when time's up. (requested by tmot17)\n|\n|t:|1746052875\n|start\n|switch|p1a: Miraidon|Miraidon, L50|100/100\n|switch|p1b: Tornadus|Tornadus, L50, M, shiny|100/100\n|switch|p2a: Lunala|Lunala, L50|100/100\n|switch|p2b: Grimmsnarl|Grimmsnarl, L50, M|100/100\n|-fieldstart|move: Electric Terrain|[from] ability: Hadron Engine|[of] p1a: Miraidon\n|turn|1\n|\n|t:|1746052899\n|move|p2b: Grimmsnarl|Light Screen|p2b: Grimmsnarl\n|-sidestart|p2: Mortimerd|move: Light Screen\n|move|p1a: Miraidon|Volt Switch|p2a: Lunala\n|-damage|p2a: Lunala|77/100\n|\n|t:|1746052905\n|switch|p1a: Kyogre|Kyogre, L50, shiny|100/100|[from] Volt Switch\n|-weather|RainDance|[from] ability: Drizzle|[of] p1a: Kyogre\n|move|p2a: Lunala|Meteor Beam||[still]\n|-prepare|p2a: Lunala|Meteor Beam\n|-boost|p2a: Lunala|spa|1\n|-enditem|p2a: Lunala|Power Herb\n|-anim|p2a: Lunala|Meteor Beam|p1b: Tornadus\n|-supereffective|p1b: Tornadus\n|-damage|p1b: Tornadus|0 fnt\n|faint|p1b: Tornadus\n|\n|-weather|RainDance|[upkeep]\n|upkeep\n|\n|t:|1746052909\n|switch|p1b: Miraidon|Miraidon, L50|100/100\n|-activate|p1b: Miraidon|ability: Hadron Engine\n|turn|2\n|\n|t:|1746052923\n|switch|p1a: Urshifu|Urshifu, L50, M|100/100\n|-terastallize|p1b: Miraidon|Fairy\n|move|p2b: Grimmsnarl|Thunder Wave|p1a: Urshifu\n|-hint|Since gen 7, Dark is immune to Prankster moves.\n|-immune|p1a: Urshifu\n|move|p1b: Miraidon|Dazzling Gleam|p2a: Lunala|[spread] p2a,p2b\n|-supereffective|p2b: Grimmsnarl\n|-damage|p2a: Lunala|47/100\n|-damage|p2b: Grimmsnarl|23/100\n|move|p2a: Lunala|Trick Room|p2a: Lunala\n|-fieldstart|move: Trick Room|[of] p2a: Lunala\n|\n|-weather|RainDance|[upkeep]\n|upkeep\n|turn|3\n|inactive|Mortimerd has 30 seconds left.\n|\n|t:|1746052957\n|move|p2a: Lunala|Wide Guard|p2a: Lunala\n|-singleturn|p2a: Lunala|Wide Guard\n|move|p2b: Grimmsnarl|Foul Play|p1a: Urshifu\n|-resisted|p1a: Urshifu\n|-damage|p1a: Urshifu|90/100\n|move|p1a: Urshifu|Close Combat|p2b: Grimmsnarl\n|-damage|p2b: Grimmsnarl|0 fnt\n|-unboost|p1a: Urshifu|def|1\n|-unboost|p1a: Urshifu|spd|1\n|faint|p2b: Grimmsnarl\n|move|p1b: Miraidon|Dazzling Gleam|p2a: Lunala\n|-activate|p2a: Lunala|move: Wide Guard\n|\n|-weather|RainDance|[upkeep]\n|upkeep\n|\n|t:|1746052969\n|switch|p2b: Raging Bolt|Raging Bolt, L50|100/100\n|turn|4\n|inactive|Mortimerd has 30 seconds left.\n|\n|t:|1746052997\n|switch|p1b: Kyogre|Kyogre, L50, shiny|100/100\n|-terastallize|p2b: Raging Bolt|Electric\n|move|p2a: Lunala|Wide Guard|p2a: Lunala\n|-singleturn|p2a: Lunala|Wide Guard\n|move|p2b: Raging Bolt|Thunderbolt|p1a: Urshifu\n|-damage|p1a: Urshifu|0 fnt\n|faint|p1a: Urshifu\n|\n|-weather|RainDance|[upkeep]\n|upkeep\n|\n|t:|1746053007\n|switch|p1a: Miraidon|Miraidon, L50, tera:Fairy|100/100\n|-activate|p1a: Miraidon|ability: Hadron Engine\n|turn|5\n|\n|t:|1746053020\n|move|p1b: Kyogre|Protect|p1b: Kyogre\n|-singleturn|p1b: Kyogre|Protect\n|move|p2b: Raging Bolt|Thunderbolt|p1a: Miraidon\n|-damage|p1a: Miraidon|34/100\n|move|p2a: Lunala|Moongeist Beam|p1a: Miraidon\n|-damage|p1a: Miraidon|0 fnt\n|faint|p1a: Miraidon\n|\n|-weather|none\n|-fieldend|move: Electric Terrain\n|upkeep\n|turn|6\n|-message|tmot17 forfeited.\n|\n|win|Mortimerd\n|l|\u2606tmot17\n|player|p1|\n||tmot17 is ready for game 2.\n||Mortimerd is ready for game 2.\n|uhtml|next|Next: <a href=\"/battle-gen9vgc2025regibo3-2354286361\"><strong>Game 2 of 3</strong></a>\n|l|\u203dMortimerd\n|player|p2|\n", "uploadtime": 1746053375, "views": 9, "formatid": "gen9vgc2025regibo3", "rating": null, "private": 0, "password": null}