{"id": "gen9vgc2025regibo3-2355083842", "format": "[Gen 9] VGC 2025 Reg I (Bo3)", "players": ["byebyebirdie1", "IDislikeRagingBolt"], "log": "|j|\u2606byebyebirdie1\n|j|\u2606IDislikeRagingBolt\n|html|<table width=\"100%\"><tr><td align=\"left\">byebyebirdie1</td><td align=\"right\">IDislikeRagingBolt</tr><tr><td align=\"left\"><i class=\"fa fa-circle-o\"></i> <i class=\"fa fa-circle-o\"></i> </td><td align=\"right\"><i class=\"fa fa-circle-o\"></i> <i class=\"fa fa-circle\"></i> </tr></table>\n|uhtml|bestof|<h2><strong>Game 2</strong> of <a href=\"/game-bestof3-gen9vgc2025regibo3-2355082394\">a best-of-3</a></h2>\n|t:|1746150411\n|gametype|doubles\n|player|p1|byebyebirdie1|101|1346\n|player|p2|IDislikeRagingBolt|n|1497\n|teamsize|p1|6\n|teamsize|p2|6\n|gen|9\n|tier|[Gen 9] VGC 2025 Reg I (Bo3)\n|rated|\n|rule|Species Clause: Limit one of each Pok\u00e9mon\n|rule|Item Clause: Limit 1 of each item\n|clearpoke\n|poke|p1|Calyrex-Shadow, L50|\n|poke|p1|Rillaboom, L50, F|\n|poke|p1|Zamazenta-*, L50|\n|poke|p1|Incineroar, L50, F|\n|poke|p1|Ogerpon-Hearthflame, L50, F|\n|poke|p1|Raging Bolt, L50|\n|poke|p2|Calyrex-Shadow, L50|\n|poke|p2|Zamazenta-*, L50|\n|poke|p2|Urshifu-*, L50, M|\n|poke|p2|Rillaboom, L50, F|\n|poke|p2|Chien-Pao, L50|\n|poke|p2|Tornadus, L50, M|\n|teampreview|4\n|showteam|p1|Calyrex-Shadow||FocusSash|AsOneSpectrier|AstralBarrage,Protect,NastyPlot,Psychic||||||50|,,,,,Dark]Rillaboom||AssaultVest|GrassySurge|WoodHammer,FakeOut,GrassyGlide,Uturn|||F|||50|,,,,,Fire]Zamazenta-Crowned||RustedShield|DauntlessShield|behemothbash,BodyPress,WideGuard,Protect||||||50|,,,,,Dragon]Incineroar||SafetyGoggles|Intimidate|FakeOut,WillOWisp,PartingShot,KnockOff|||F|||50|,,,,,Bug]Ogerpon-Hearthflame||HearthflameMask|MoldBreaker|IvyCudgel,FollowMe,SpikyShield,WoodHammer|||F|||50|,,,,,Fire]Raging Bolt||BoosterEnergy|Protosynthesis|Protect,Thunderbolt,Thunderclap,DracoMeteor||||||50|,,,,,Electric\n|showteam|p2|Calyrex-Shadow||LifeOrb|AsOneSpectrier|AstralBarrage,Psychic,Substitute,Protect||||||50|,,,,,Dark]Zamazenta-Crowned||RustedShield|DauntlessShield|BodyPress,behemothbash,WideGuard,Protect||||||50|,,,,,Dragon]Urshifu-Rapid-Strike||ChoiceScarf|UnseenFist|SurgingStrikes,CloseCombat,Uturn,AquaJet|||M|||50|,,,,,Water]Rillaboom||AssaultVest|GrassySurge|WoodHammer,GrassyGlide,Uturn,FakeOut|||F|||50|,,,,,Water]Chien-Pao||FocusSash|SwordofRuin|IceSpinner,ThroatChop,SuckerPunch,Protect||||||50|,,,,,Stellar]Tornadus||SafetyGoggles|Prankster|BleakwindStorm,RainDance,Tailwind,Taunt|||M|||50|,,,,,Dark\n|\n|t:|1746150434\n|start\n|switch|p1a: Calyrex|Calyrex-Shadow, L50|100/100\n|switch|p1b: Incineroar|Incineroar, L50, F|100/100\n|switch|p2a: Zamazenta|Zamazenta-Crowned, L50|100/100\n|switch|p2b: Calyrex|Calyrex-Shadow, L50|100/100\n|-ability|p2b: Calyrex|As One\n|-ability|p2b: Calyrex|Unnerve\n|-ability|p1a: Calyrex|As One\n|-ability|p1a: Calyrex|Unnerve\n|-ability|p2a: Zamazenta|Dauntless Shield|boost\n|-boost|p2a: Zamazenta|def|1\n|-ability|p1b: Incineroar|Intimidate|boost\n|-unboost|p2a: Zamazenta|atk|1\n|-unboost|p2b: Calyrex|atk|1\n|turn|1\n|\n|t:|1746150452\n|switch|p2b: Urshifu|Urshifu-Rapid-Strike, L50, M|100/100\n|-terastallize|p1a: Calyrex|Dark\n|move|p1b: Incineroar|Fake Out|p2a: Zamazenta\n|-resisted|p2a: Zamazenta\n|-damage|p2a: Zamazenta|99/100\n|move|p1a: Calyrex|Nasty Plot|p1a: Calyrex\n|-boost|p1a: Calyrex|spa|2\n|cant|p2a: Zamazenta|flinch\n|\n|upkeep\n|turn|2\n|\n|t:|1746150490\n|switch|p1b: Raging Bolt|Raging Bolt, L50|100/100\n|-enditem|p1b: Raging Bolt|Booster Energy\n|-activate|p1b: Raging Bolt|ability: Protosynthesis|[fromitem]\n|-start|p1b: Raging Bolt|protosynthesisspa\n|-terastallize|p2b: Urshifu|Water\n|move|p2b: Urshifu|Surging Strikes|p1a: Calyrex\n|-crit|p1a: Calyrex\n|-damage|p1a: Calyrex|63/100\n|-crit|p1a: Calyrex\n|-damage|p1a: Calyrex|25/100\n|-crit|p1a: Calyrex\n|-damage|p1a: Calyrex|0 fnt\n|faint|p1a: Calyrex\n|-hitcount|p1: Calyrex|3\n|move|p2a: Zamazenta|Body Press|p1b: Raging Bolt\n|-damage|p1b: Raging Bolt|45/100\n|\n|upkeep\n|-message|byebyebirdie1 forfeited.\n|\n|win|IDislikeRagingBolt\n|raw|byebyebirdie1's rating: 1346 &rarr; <strong>1334</strong><br />(-12 for losing)\n|raw|IDislikeRagingBolt's rating: 1497 &rarr; <strong>1509</strong><br />(+12 for winning)\n", "uploadtime": 1746150508, "views": 6, "formatid": "gen9vgc2025regibo3", "rating": 1334, "private": 0, "password": null}