{"id": "gen9vgc2025regibo3-2355137828", "format": "[Gen 9] VGC 2025 Reg I (Bo3)", "players": ["alphamystogan", "shmurkykrow"], "log": "|j|\u2606alphamystogan\n|j|\u2606shmurkykrow\n|html|<table width=\"100%\"><tr><td align=\"left\">alphamystogan</td><td align=\"right\">shmurkykrow</tr><tr><td align=\"left\"><i class=\"fa fa-circle\"></i> <i class=\"fa fa-circle-o\"></i> </td><td align=\"right\"><i class=\"fa fa-circle-o\"></i> <i class=\"fa fa-circle-o\"></i> </tr></table>\n|uhtml|bestof|<h2><strong>Game 2</strong> of <a href=\"/game-bestof3-gen9vgc2025regibo3-2355135285\">a best-of-3</a></h2>\n|t:|1746157345\n|gametype|doubles\n|player|p1|alphamystogan|266|\n|player|p2|shmurkykrow|skyla|\n|teamsize|p1|6\n|teamsize|p2|6\n|gen|9\n|tier|[Gen 9] VGC 2025 Reg I (Bo3)\n|rule|Species Clause: Limit one of each Pok\u00e9mon\n|rule|Item Clause: Limit 1 of each item\n|clearpoke\n|poke|p1|Miraidon, L50|\n|poke|p1|Calyrex-Ice, L50|\n|poke|p1|Ditto, L50|\n|poke|p1|Grimmsnarl, L50, M|\n|poke|p1|Farigiraf, L50, M|\n|poke|p1|Iron Hands, L50|\n|poke|p2|Ho-Oh, L50|\n|poke|p2|Iron Treads, L50|\n|poke|p2|Miraidon, L50|\n|poke|p2|Iron Bundle, L50|\n|poke|p2|Farigiraf, L50, M|\n|poke|p2|Iron Hands, L50|\n|teampreview|4\n|showteam|p1|Miraidon||ChoiceSpecs|HadronEngine|ElectroDrift,DracoMeteor,VoltSwitch,DazzlingGleam||||||50|,,,,,Fairy]Calyrex-Ice||ClearAmulet|AsOneGlastrier|Protect,GlacialLance,HighHorsepower,TrickRoom||||||50|,,,,,Fire]Ditto||FocusSash|Imposter|Transform||||||50|,,,,,Ghost]Grimmsnarl||LightClay|Prankster|SpiritBreak,Reflect,ThunderWave,LightScreen|||M|||50|,,,,,Ghost]Farigiraf||ElectricSeed|ArmorTail|Psychic,TrickRoom,HelpingHand,FoulPlay|||M|||50|,,,,,Water]Iron Hands||AssaultVest|QuarkDrive|FakeOut,WildCharge,DrainPunch,LowKick||||||50|,,,,,Water\n|showteam|p2|Ho-Oh||RockyHelmet|Regenerator|SacredFire,BraveBird,Recover,Protect||||||50|,,,,,Grass]Iron Treads||LifeOrb|QuarkDrive|HighHorsepower,IronHead,Protect,KnockOff||||||50|,,,,,Ghost]Miraidon||ChoiceSpecs|HadronEngine|DazzlingGleam,ElectroDrift,VoltSwitch,DracoMeteor||||||50|,,,,,Fairy]Iron Bundle||FocusSash|QuarkDrive|FreezeDry,IcyWind,Protect,Encore||||||50|,,,,,Ghost]Farigiraf||ElectricSeed|ArmorTail|TrickRoom,FoulPlay,HelpingHand,PsychicNoise|||M|||50|,,,,,Water]Iron Hands||AssaultVest|QuarkDrive|WildCharge,DrainPunch,FakeOut,LowKick||||||50|,,,,,Bug\n|inactive|Battle timer is ON: inactive players will automatically lose when time's up. (requested by alphamystogan)\n|inactive|alphamystogan has 60 seconds left.\n|inactive|shmurkykrow has 60 seconds left.\n|\n|t:|1746157404\n|start\n|switch|p1a: Miraidon|Miraidon, L50|100/100\n|switch|p1b: Calyrex|Calyrex-Ice, L50|100/100\n|switch|p2a: Farigiraf|Farigiraf, L50, M|100/100\n|switch|p2b: Miraidon|Miraidon, L50|100/100\n|-ability|p1b: Calyrex|As One\n|-ability|p1b: Calyrex|Unnerve\n|-fieldstart|move: Electric Terrain|[from] ability: Hadron Engine|[of] p1a: Miraidon\n|-enditem|p2a: Farigiraf|Electric Seed\n|-boost|p2a: Farigiraf|def|1|[from] item: Electric Seed\n|-activate|p2b: Miraidon|ability: Hadron Engine\n|turn|1\n|inactive|alphamystogan has 30 seconds left.\n|inactive|shmurkykrow has 30 seconds left.\n|inactive|alphamystogan has 20 seconds left.\n|inactive|shmurkykrow has 20 seconds left.\n|inactive|alphamystogan has 15 seconds left.\n|inactive|shmurkykrow has 15 seconds left.\n|inactive|alphamystogan has 10 seconds left.\n|inactive|shmurkykrow has 10 seconds left.\n|inactive|alphamystogan has 5 seconds left.\n|inactive|shmurkykrow has 5 seconds left.\n|\n|t:|1746157455\n|switch|p2a: Iron Treads|Iron Treads, L50|100/100\n|-activate|p2a: Iron Treads|ability: Quark Drive\n|-start|p2a: Iron Treads|quarkdrivespe\n|-terastallize|p1a: Miraidon|Fairy\n|move|p1a: Miraidon|Electro Drift|p2b: Miraidon\n|-resisted|p2b: Miraidon\n|-damage|p2b: Miraidon|71/100\n|move|p2b: Miraidon|Volt Switch|p1a: Miraidon\n|-damage|p1a: Miraidon|5/100\n|\n|t:|1746157469\n|switch|p2b: Iron Hands|Iron Hands, L50|100/100|[from] Volt Switch\n|-activate|p2b: Iron Hands|ability: Quark Drive\n|-start|p2b: Iron Hands|quarkdriveatk\n|move|p1b: Calyrex|Glacial Lance|p2b: Iron Hands|[spread] p2a,p2b\n|-damage|p2a: Iron Treads|50/100\n|-damage|p2b: Iron Hands|62/100\n|\n|upkeep\n|turn|2\n|inactive|alphamystogan has 30 seconds left.\n|inactive|shmurkykrow has 30 seconds left.\n|inactive|alphamystogan has 20 seconds left.\n|inactive|alphamystogan has 15 seconds left.\n|inactive|alphamystogan has 10 seconds left.\n|\n|t:|1746157515\n|switch|p1a: Iron Hands|Iron Hands, L50|100/100\n|-activate|p1a: Iron Hands|ability: Quark Drive\n|-start|p1a: Iron Hands|quarkdriveatk\n|move|p1b: Calyrex|Protect|p1b: Calyrex\n|-singleturn|p1b: Calyrex|Protect\n|move|p2b: Iron Hands|Fake Out|p1b: Calyrex\n|-activate|p1b: Calyrex|move: Protect\n|move|p2a: Iron Treads|Iron Head|p1b: Calyrex\n|-activate|p1b: Calyrex|move: Protect\n|\n|upkeep\n|turn|3\n|inactive|alphamystogan has 30 seconds left.\n|inactive|shmurkykrow has 30 seconds left.\n|inactive|alphamystogan has 20 seconds left.\n|inactive|shmurkykrow has 20 seconds left.\n|inactive|shmurkykrow has 15 seconds left.\n|\n|t:|1746157557\n|-terastallize|p2a: Iron Treads|Ghost\n|move|p1a: Iron Hands|Fake Out|p2b: Iron Hands\n|-damage|p2b: Iron Hands|49/100\n|move|p2a: Iron Treads|High Horsepower|p1b: Calyrex\n|-damage|p1b: Calyrex|69/100\n|-damage|p2a: Iron Treads|41/100|[from] item: Life Orb\n|move|p1b: Calyrex|Glacial Lance|p2a: Iron Treads|[spread] p2a,p2b\n|-damage|p2a: Iron Treads|0 fnt\n|-damage|p2b: Iron Hands|13/100\n|faint|p2a: Iron Treads\n|-end|p2a: Iron Treads|Quark Drive|[silent]\n|-ability|p1b: Calyrex|Chilling Neigh|boost\n|-boost|p1b: Calyrex|atk|1\n|cant|p2b: Iron Hands|flinch\n|\n|upkeep\n|\n|t:|1746157568\n|switch|p2a: Miraidon|Miraidon, L50|71/100\n|-activate|p2a: Miraidon|ability: Hadron Engine\n|turn|4\n|inactive|alphamystogan has 30 seconds left.\n|inactive|alphamystogan has 20 seconds left.\n|inactive|alphamystogan has 15 seconds left.\n|inactive|alphamystogan has 10 seconds left.\n|inactive|alphamystogan has 5 seconds left.\n|\n|t:|1746157621\n|move|p1b: Calyrex|Protect|p1b: Calyrex\n|-singleturn|p1b: Calyrex|Protect\n|move|p2a: Miraidon|Dazzling Gleam|p1a: Iron Hands|[spread] p1a\n|-activate|p1b: Calyrex|move: Protect\n|-supereffective|p1a: Iron Hands\n|-damage|p1a: Iron Hands|58/100\n|move|p2b: Iron Hands|Low Kick|p1b: Calyrex\n|-activate|p1b: Calyrex|move: Protect\n|move|p1a: Iron Hands|Low Kick|p2a: Miraidon\n|-damage|p2a: Miraidon|0 fnt\n|faint|p2a: Miraidon\n|\n|upkeep\n|\n|t:|1746157625\n|switch|p2a: Farigiraf|Farigiraf, L50, M|100/100\n|turn|5\n|\n|t:|1746157638\n|move|p1b: Calyrex|Glacial Lance|p2a: Farigiraf|[spread] p2a,p2b\n|-damage|p2a: Farigiraf|33/100\n|-damage|p2b: Iron Hands|0 fnt\n|faint|p2b: Iron Hands\n|-end|p2b: Iron Hands|Quark Drive|[silent]\n|-ability|p1b: Calyrex|Chilling Neigh|boost\n|-boost|p1b: Calyrex|atk|1\n|move|p2a: Farigiraf|Foul Play|p1b: Calyrex\n|-supereffective|p1b: Calyrex\n|-damage|p1b: Calyrex|0 fnt\n|faint|p1b: Calyrex\n|move|p1a: Iron Hands|Low Kick|p2a: Farigiraf\n|-damage|p2a: Farigiraf|0 fnt\n|faint|p2a: Farigiraf\n|\n|win|alphamystogan\n", "uploadtime": 1746157651, "views": 5, "formatid": "gen9vgc2025regibo3", "rating": null, "private": 0, "password": null}