{"id": "gen9vgc2025regibo3-2354474413", "format": "[Gen 9] VGC 2025 Reg I (Bo3)", "players": ["Swami", "SlipperyDanger"], "log": "|j|\u2606Swami\n|j|\u2606SlipperyDanger\n|html|<table width=\"100%\"><tr><td align=\"left\">Swami</td><td align=\"right\">SlipperyDanger</tr><tr><td align=\"left\"><i class=\"fa fa-circle-o\"></i> <i class=\"fa fa-circle-o\"></i> </td><td align=\"right\"><i class=\"fa fa-circle-o\"></i> <i class=\"fa fa-circle-o\"></i> </tr></table>\n|uhtml|bestof|<h2><strong>Game 1</strong> of <a href=\"/game-bestof3-gen9vgc2025regibo3-2354474412\">a best-of-3</a></h2>\n|t:|1746077500\n|gametype|doubles\n|player|p1|Swami|cynthia-gen4|1305\n|player|p2|SlipperyDanger|cynthia-gen4|1254\n|teamsize|p1|6\n|teamsize|p2|6\n|gen|9\n|tier|[Gen 9] VGC 2025 Reg I (Bo3)\n|rated|\n|rule|Species Clause: Limit one of each Pok\u00e9mon\n|rule|Item Clause: Limit 1 of each item\n|clearpoke\n|poke|p1|Koraidon, L50|\n|poke|p1|Ho-Oh, L50|\n|poke|p1|Flutter Mane, L50|\n|poke|p1|Incineroar, L50, M|\n|poke|p1|Raging Bolt, L50|\n|poke|p1|Iron Treads, L50|\n|poke|p2|Volcarona, L50, M|\n|poke|p2|Zamazenta-*, L50|\n|poke|p2|Miraidon, L50|\n|poke|p2|Iron Hands, L50|\n|poke|p2|Grimmsnarl, L50, M|\n|poke|p2|Ditto, L50|\n|teampreview|4\n|showteam|p1|Koraidon||LifeOrb|OrichalcumPulse|FlameCharge,FlareBlitz,CloseCombat,Protect||||||50|,,,,,Fire]Ho-Oh||ClearAmulet|Regenerator|SacredFire,BraveBird,Tailwind,Protect||||||50|,,,,,Grass]Flutter Mane||FocusSash|Protosynthesis|Moonblast,IcyWind,ShadowBall,Protect||||||50|,,,,,Normal]Incineroar||SafetyGoggles|Intimidate|FakeOut,FlareBlitz,KnockOff,PartingShot|||M|||50|,,,,,Water]Raging Bolt||AssaultVest|Protosynthesis|Thunderclap,VoltSwitch,DracoMeteor,Thunderbolt||||||50|,,,,,Electric]Iron Treads||ExpertBelt|QuarkDrive|HighHorsepower,IronHead,SteelRoller,Protect||||||50|,,,,,Stellar\n|showteam|p2|Volcarona||SitrusBerry|FlameBody|FieryDance,GigaDrain,QuiverDance,Protect|||M|||50|,,,,,Grass]Zamazenta-Crowned||RustedShield|DauntlessShield|BodyPress,behemothbash,WideGuard,Protect||||||50|,,,,,Dragon]Miraidon||ChoiceSpecs|HadronEngine|ElectroDrift,DracoMeteor,VoltSwitch,DazzlingGleam||||||50|,,,,,Fairy]Iron Hands||AssaultVest|QuarkDrive|DrainPunch,LowKick,WildCharge,FakeOut||||||50|,,,,,Bug]Grimmsnarl||LightClay|Prankster|FoulPlay,LightScreen,Reflect,ThunderWave|||M|||50|,,,,,Ghost]Ditto||FocusSash|Imposter|Transform||||||50|,,,,,Normal\n|inactive|Battle timer is ON: inactive players will automatically lose when time's up. (requested by Swami)\n|inactive|SlipperyDanger has 60 seconds left.\n|\n|t:|1746077537\n|start\n|switch|p1a: Iron Treads|Iron Treads, L50|100/100\n|switch|p1b: Incineroar|Incineroar, L50, M|100/100\n|switch|p2a: Volcarona|Volcarona, L50, M|100/100\n|switch|p2b: Grimmsnarl|Grimmsnarl, L50, M|100/100\n|-ability|p1b: Incineroar|Intimidate|boost\n|-unboost|p2a: Volcarona|atk|1\n|-unboost|p2b: Grimmsnarl|atk|1\n|turn|1\n|inactive|Swami has 30 seconds left.\n|\n|t:|1746077571\n|move|p1b: Incineroar|Fake Out|p2a: Volcarona\n|-damage|p2a: Volcarona|89/100\n|move|p2b: Grimmsnarl|Reflect|p2b: Grimmsnarl\n|-sidestart|p2: SlipperyDanger|Reflect\n|move|p1a: Iron Treads|Iron Head|p2b: Grimmsnarl\n|-supereffective|p2b: Grimmsnarl\n|-damage|p2b: Grimmsnarl|36/100\n|cant|p2a: Volcarona|flinch\n|\n|upkeep\n|turn|2\n|\n|t:|1746077587\n|-end|p1a: Iron Treads|Quark Drive|[silent]\n|switch|p1a: Ho-Oh|Ho-Oh, L50|100/100\n|move|p2a: Volcarona|Protect|p2a: Volcarona\n|-singleturn|p2a: Volcarona|Protect\n|move|p2b: Grimmsnarl|Light Screen|p2b: Grimmsnarl\n|-sidestart|p2: SlipperyDanger|move: Light Screen\n|move|p1b: Incineroar|Knock Off|p2a: Volcarona\n|-activate|p2a: Volcarona|move: Protect\n|\n|upkeep\n|turn|3\n|\n|t:|1746077602\n|switch|p1a: Iron Treads|Iron Treads, L50|100/100\n|move|p2b: Grimmsnarl|Thunder Wave|p1a: Iron Treads\n|-immune|p1a: Iron Treads\n|move|p2a: Volcarona|Quiver Dance|p2a: Volcarona\n|-boost|p2a: Volcarona|spa|1\n|-boost|p2a: Volcarona|spd|1\n|-boost|p2a: Volcarona|spe|1\n|move|p1b: Incineroar|Knock Off|p2a: Volcarona\n|-damage|p2a: Volcarona|64/100\n|-enditem|p2a: Volcarona|Sitrus Berry|[from] move: Knock Off|[of] p1b: Incineroar\n|\n|upkeep\n|turn|4\n|\n|t:|1746077620\n|switch|p2b: Zamazenta|Zamazenta-Crowned, L50|100/100\n|-ability|p2b: Zamazenta|Dauntless Shield|boost\n|-boost|p2b: Zamazenta|def|1\n|move|p2a: Volcarona|Protect|p2a: Volcarona\n|-singleturn|p2a: Volcarona|Protect\n|move|p1a: Iron Treads|Iron Head|p2b: Zamazenta\n|-resisted|p2b: Zamazenta\n|-damage|p2b: Zamazenta|95/100\n|move|p1b: Incineroar|Parting Shot|p2a: Volcarona\n|-activate|p2a: Volcarona|move: Protect\n|\n|upkeep\n|turn|5\n|inactive|Swami has 30 seconds left.\n|\n|t:|1746077647\n|move|p2a: Volcarona|Fiery Dance|p1a: Iron Treads\n|-supereffective|p1a: Iron Treads\n|-damage|p1a: Iron Treads|0 fnt\n|-boost|p2a: Volcarona|spa|1\n|faint|p1a: Iron Treads\n|-end|p1a: Iron Treads|Quark Drive|[silent]\n|move|p2b: Zamazenta|Body Press|p1b: Incineroar\n|-supereffective|p1b: Incineroar\n|-damage|p1b: Incineroar|0 fnt\n|faint|p1b: Incineroar\n|\n|upkeep\n|\n|t:|1746077650\n|switch|p1a: Koraidon|Koraidon, L50|100/100\n|switch|p1b: Ho-Oh|Ho-Oh, L50|100/100\n|-weather|SunnyDay|[from] ability: Orichalcum Pulse|[of] p1a: Koraidon\n|-activate|p1a: Koraidon|Orichalcum Pulse|[source]\n|turn|6\n|\n|t:|1746077672\n|-terastallize|p2b: Zamazenta|Dragon\n|-terastallize|p1a: Koraidon|Fire\n|move|p2a: Volcarona|Fiery Dance|p1a: Koraidon\n|-resisted|p1a: Koraidon\n|-damage|p1a: Koraidon|47/100\n|-boost|p2a: Volcarona|spa|1\n|move|p2b: Zamazenta|Body Press|p1a: Koraidon\n|-damage|p1a: Koraidon|0 fnt\n|faint|p1a: Koraidon\n|move|p1b: Ho-Oh|Sacred Fire|p2b: Zamazenta\n|-resisted|p2b: Zamazenta\n|-damage|p2b: Zamazenta|83/100\n|\n|-weather|SunnyDay|[upkeep]\n|upkeep\n|turn|7\n|-message|Swami forfeited.\n|\n|win|SlipperyDanger\n|l|\u2606Swami\n|player|p1|\n||Swami is ready for game 2.\n||SlipperyDanger is ready for game 2.\n|uhtml|next|Next: <a href=\"/battle-gen9vgc2025regibo3-2354475432\"><strong>Game 2 of 3</strong></a>\n|l|\u2606SlipperyDanger\n|player|p2|\n", "uploadtime": 1746078008, "views": 7, "formatid": "gen9vgc2025regibo3", "rating": null, "private": 0, "password": null}