{"id": "gen9vgc2025regibo3-2353765769", "format": "[Gen 9] VGC 2025 Reg I (Bo3)", "players": ["ClayPlayTV", "AtePlays"], "log": "|j|\u2606ClayPlayTV\n|j|\u2606AtePlays\n|html|<table width=\"100%\"><tr><td align=\"left\">ClayPlayTV</td><td align=\"right\">AtePlays</tr><tr><td align=\"left\"><i class=\"fa fa-circle\"></i> <i class=\"fa fa-circle-o\"></i> </td><td align=\"right\"><i class=\"fa fa-circle-o\"></i> <i class=\"fa fa-circle-o\"></i> </tr></table>\n|uhtml|bestof|<h2><strong>Game 2</strong> of <a href=\"/game-bestof3-gen9vgc2025regibo3-2353764104\">a best-of-3</a></h2>\n|t:|1745996269\n|gametype|doubles\n|player|p1|ClayPlayTV|169|1026\n|player|p2|AtePlays|170|1105\n|teamsize|p1|6\n|teamsize|p2|6\n|gen|9\n|tier|[Gen 9] VGC 2025 Reg I (Bo3)\n|rated|\n|rule|Species Clause: Limit one of each Pok\u00e9mon\n|rule|Item Clause: Limit 1 of each item\n|clearpoke\n|poke|p1|Miraidon, L50|\n|poke|p1|Lunala, L50|\n|poke|p1|Whimsicott, L50, M|\n|poke|p1|Chi-Yu, L50|\n|poke|p1|Urshifu-*, L50, M|\n|poke|p1|Iron Hands, L50|\n|poke|p2|Ogerpon-Hearthflame, L50, F|\n|poke|p2|Calyrex-Ice, L50|\n|poke|p2|Farigiraf, L50, F|\n|poke|p2|Whimsicott, L50, F|\n|poke|p2|Zacian-*, L50|\n|poke|p2|Flutter Mane, L50|\n|teampreview|4\n|showteam|p1|Miraidon||ChoiceSpecs|HadronEngine|ElectroDrift,VoltSwitch,DracoMeteor,DazzlingGleam||||||50|,,,,,Fairy]Lunala||ElectricSeed|ShadowShield|MoongeistBeam,Psyshock,TrickRoom,WideGuard||||||50|,,,,,Water]Whimsicott||CovertCloak|Prankster|Moonblast,Tailwind,Encore,LightScreen|||M|||50|,,,,,Dark]Chi-Yu||ChoiceScarf|BeadsofRuin|HeatWave,DarkPulse,Overheat,Snarl||||||50|,,,,,Ghost]Urshifu-Rapid-Strike||FocusSash|UnseenFist|SurgingStrikes,CloseCombat,AquaJet,Detect|||M|||50|,,,,,Stellar]Iron Hands||AssaultVest|QuarkDrive|DrainPunch,LowKick,HeavySlam,FakeOut||||||50|,,,,,Water\n|showteam|p2|Ogerpon-Hearthflame||HearthflameMask|MoldBreaker|FollowMe,HelpingHand,IvyCudgel,SpikyShield|||F|||50|,,,,,Fire]Calyrex-Ice||ClearAmulet|AsOneGlastrier|GlacialLance,HighHorsepower,TrickRoom,Protect||||||50|,,,,,Water]Farigiraf||ElectricSeed|ArmorTail|Protect,HelpingHand,TrickRoom,Psychic|||F|||50|,,,,,Steel]Whimsicott||FocusSash|Prankster|Tailwind,Encore,Protect,Taunt|||F|||50|,,,,,Grass]Zacian-Crowned||RustedSword|IntrepidSword|SwordsDance,behemothblade,SacredSword,PlayRough||||||50|,,,,,Dragon]Flutter Mane||BoosterEnergy|Protosynthesis|IcyWind,Moonblast,Protect,HelpingHand||||||50|,,,,,Ghost\n|\n|t:|1745996318\n|start\n|switch|p1a: Miraidon|Miraidon, L50|100/100\n|switch|p1b: Chi-Yu|Chi-Yu, L50|100/100\n|switch|p2a: Flutter Mane|Flutter Mane, L50|100/100\n|switch|p2b: Zacian|Zacian-Crowned, L50|100/100\n|-ability|p1b: Chi-Yu|Beads of Ruin\n|-ability|p2b: Zacian|Intrepid Sword|boost\n|-boost|p2b: Zacian|atk|1\n|-fieldstart|move: Electric Terrain|[from] ability: Hadron Engine|[of] p1a: Miraidon\n|-enditem|p2a: Flutter Mane|Booster Energy\n|-activate|p2a: Flutter Mane|ability: Protosynthesis|[fromitem]\n|-start|p2a: Flutter Mane|protosynthesisspe\n|turn|1\n|inactive|Battle timer is ON: inactive players will automatically lose when time's up. (requested by ClayPlayTV)\n|inactive|ClayPlayTV has 60 seconds left.\n|\n|t:|1745996354\n|-terastallize|p2b: Zacian|Dragon\n|-terastallize|p1a: Miraidon|Fairy\n|move|p2a: Flutter Mane|Icy Wind|p1b: Chi-Yu|[spread] p1b\n|-miss|p2a: Flutter Mane|p1a: Miraidon\n|-resisted|p1b: Chi-Yu\n|-damage|p1b: Chi-Yu|94/100\n|-unboost|p1b: Chi-Yu|spe|1\n|move|p2b: Zacian|Swords Dance|p2b: Zacian\n|-boost|p2b: Zacian|atk|2\n|move|p1a: Miraidon|Dazzling Gleam|p2b: Zacian|[spread] p2a,p2b\n|-supereffective|p2b: Zacian\n|-damage|p2a: Flutter Mane|21/100\n|-damage|p2b: Zacian|0 fnt\n|faint|p2b: Zacian\n|move|p1b: Chi-Yu|Heat Wave|p2a: Flutter Mane\n|-damage|p2a: Flutter Mane|0 fnt\n|faint|p2a: Flutter Mane\n|-end|p2a: Flutter Mane|Protosynthesis|[silent]\n|\n|upkeep\n|-message|AtePlays forfeited.\n|\n|win|ClayPlayTV\n|raw|ClayPlayTV's rating: 1026 &rarr; <strong>1070</strong><br />(+44 for winning)\n|raw|AtePlays's rating: 1105 &rarr; <strong>1074</strong><br />(-31 for losing)\n|l|\u2606AtePlays\n|player|p2|\n", "uploadtime": 1745996505, "views": 8, "formatid": "gen9vgc2025regibo3", "rating": 1070, "private": 0, "password": null}