{"id": "gen9vgc2025regibo3-2354499588", "format": "[Gen 9] VGC 2025 Reg I (Bo3)", "players": ["onda apan", "crochet A31"], "log": "|j|\u2606onda apan\n|j|\u2606crochet A31\n|html|<table width=\"100%\"><tr><td align=\"left\">onda apan</td><td align=\"right\">crochet A31</tr><tr><td align=\"left\"><i class=\"fa fa-circle-o\"></i> <i class=\"fa fa-circle-o\"></i> </td><td align=\"right\"><i class=\"fa fa-circle-o\"></i> <i class=\"fa fa-circle\"></i> </tr></table>\n|uhtml|bestof|<h2><strong>Game 2</strong> of <a href=\"/game-bestof3-gen9vgc2025regibo3-2354497553\">a best-of-3</a></h2>\n|t:|1746082409\n|gametype|doubles\n|player|p1|onda apan|170|1134\n|player|p2|crochet A31|blackbelt|1078\n|teamsize|p1|6\n|teamsize|p2|6\n|gen|9\n|tier|[Gen 9] VGC 2025 Reg I (Bo3)\n|rated|\n|rule|Species Clause: Limit one of each Pok\u00e9mon\n|rule|Item Clause: Limit 1 of each item\n|clearpoke\n|poke|p1|Koraidon, L50|\n|poke|p1|Ho-Oh, L50|\n|poke|p1|Ting-Lu, L50|\n|poke|p1|Brute Bonnet, L50|\n|poke|p1|Flutter Mane, L50|\n|poke|p1|Hitmontop, L50, M|\n|poke|p2|Calyrex-Ice, L50|\n|poke|p2|Indeedee-F, L50, F|\n|poke|p2|Ninetales-Alola, L50, F|\n|poke|p2|Baxcalibur, L50, M|\n|poke|p2|Latias, L50, F|\n|poke|p2|Solgaleo, L50|\n|teampreview|4\n|showteam|p1|Koraidon||LifeOrb|OrichalcumPulse|CloseCombat,FlameCharge,FlareBlitz,Protect||||||50|,,,,,Fire]Ho-Oh||ClearAmulet|Regenerator|SacredFire,Tailwind,Protect,BraveBird||||||50|,,,,,Grass]Ting-Lu||AssaultVest|VesselofRuin|SandTomb,Ruination,StompingTantrum,ThroatChop||||||50|,,,,,Poison]Brute Bonnet||CovertCloak|Protosynthesis|Spore,RagePowder,SuckerPunch,SeedBomb||||||50|,,,,,Water]Flutter Mane||BoosterEnergy|Protosynthesis|IcyWind,Moonblast,ShadowBall,Protect||||||50|,,,,,Fairy]Hitmontop||EjectPack|Intimidate|Coaching,CloseCombat,FakeOut,WideGuard|||M|||50|,,,,,Steel\n|showteam|p2|Calyrex-Ice||ClearAmulet|AsOneGlastrier|GlacialLance,HighHorsepower,TrickRoom,Protect||||||50|,,,,,Ground]Indeedee-F||PsychicSeed|PsychicSurge|FollowMe,HelpingHand,TrickRoom,HyperVoice|||F|||50|,,,,,Steel]Ninetales-Alola||IcyRock|SnowWarning|AuroraVeil,Blizzard,DazzlingGleam,Protect|||F|||50|,,,,,Steel]Baxcalibur||LoadedDice|ThermalExchange|GlaiveRush,IceShard,IcicleSpear,ScaleShot|||M|||50|,,,,,Dragon]Latias||CovertCloak|Levitate|Tailwind,Reflect,LightScreen,DragonPulse|||F|||50|,,,,,Water]Solgaleo||SafetyGoggles|FullMetalBody|PsychicFangs,RockSlide,SunsteelStrike,WideGuard||||||50|,,,,,Stellar\n|\n|t:|1746082433\n|start\n|switch|p1a: Ho-Oh|Ho-Oh, L50|100/100\n|switch|p1b: Flutter Mane|Flutter Mane, L50|100/100\n|switch|p2a: Latias|Latias, L50, F, shiny|100/100\n|switch|p2b: Solgaleo|Solgaleo, L50|100/100\n|-enditem|p1b: Flutter Mane|Booster Energy\n|-activate|p1b: Flutter Mane|ability: Protosynthesis|[fromitem]\n|-start|p1b: Flutter Mane|protosynthesisspe\n|turn|1\n|inactive|Battle timer is ON: inactive players will automatically lose when time's up. (requested by onda apan)\n|\n|t:|1746082478\n|-terastallize|p1b: Flutter Mane|Fairy\n|-terastallize|p2a: Latias|Water\n|move|p1b: Flutter Mane|Moonblast|p2a: Latias\n|-damage|p2a: Latias|45/100\n|move|p2a: Latias|Tailwind|p2a: Latias\n|-sidestart|p2: crochet A31|move: Tailwind\n|move|p2b: Solgaleo|Sunsteel Strike|p1b: Flutter Mane\n|-supereffective|p1b: Flutter Mane\n|-damage|p1b: Flutter Mane|0 fnt\n|faint|p1b: Flutter Mane\n|-end|p1b: Flutter Mane|Protosynthesis|[silent]\n|move|p1a: Ho-Oh|Sacred Fire|p2b: Solgaleo\n|-supereffective|p2b: Solgaleo\n|-damage|p2b: Solgaleo|6/100\n|-status|p2b: Solgaleo|brn\n|\n|-damage|p2b: Solgaleo|0 fnt|[from] brn\n|faint|p2b: Solgaleo\n|upkeep\n|inactive|onda apan has 30 seconds left.\n|\n|t:|1746082508\n|switch|p1b: Hitmontop|Hitmontop, L50, M|100/100\n|switch|p2b: Baxcalibur|Baxcalibur, L50, M|100/100\n|-ability|p1b: Hitmontop|Intimidate|boost\n|-unboost|p2a: Latias|atk|1\n|-unboost|p2b: Baxcalibur|atk|1\n|turn|2\n|\n|t:|1746082527\n|move|p1b: Hitmontop|Fake Out|p2b: Baxcalibur\n|-damage|p2b: Baxcalibur|91/100\n|move|p2a: Latias|Reflect|p2a: Latias\n|-sidestart|p2: crochet A31|Reflect\n|cant|p2b: Baxcalibur|flinch\n|move|p1a: Ho-Oh|Brave Bird|p2a: Latias\n|-damage|p2a: Latias|0 fnt\n|faint|p2a: Latias\n|-damage|p1a: Ho-Oh|88/100|[from] Recoil\n|\n|upkeep\n|\n|t:|1746082536\n|switch|p2a: Ninetales|Ninetales-Alola, L50, F|100/100\n|-weather|Snowscape|[from] ability: Snow Warning|[of] p2a: Ninetales\n|turn|3\n|inactive|onda apan has 30 seconds left.\n|inactive|crochet A31 has 30 seconds left.\n|inactive|onda apan has 20 seconds left.\n|\n|t:|1746082575\n|switch|p1a: Koraidon|Koraidon, L50|100/100\n|-weather|SunnyDay|[from] ability: Orichalcum Pulse|[of] p1a: Koraidon\n|-activate|p1a: Koraidon|Orichalcum Pulse|[source]\n|move|p1b: Hitmontop|Wide Guard|p1b: Hitmontop\n|-singleturn|p1b: Hitmontop|Wide Guard\n|move|p2a: Ninetales|Blizzard|p1b: Hitmontop|[spread] \n|-activate|p1a: Koraidon|move: Wide Guard\n|-activate|p1b: Hitmontop|move: Wide Guard\n|move|p2b: Baxcalibur|Scale Shot|p1b: Hitmontop\n|-damage|p1b: Hitmontop|89/100\n|-damage|p1b: Hitmontop|77/100\n|-damage|p1b: Hitmontop|65/100\n|-damage|p1b: Hitmontop|54/100\n|-hitcount|p1b: Hitmontop|4\n|-unboost|p2b: Baxcalibur|def|1\n|-boost|p2b: Baxcalibur|spe|1\n|\n|-weather|SunnyDay|[upkeep]\n|upkeep\n|turn|4\n|inactive|onda apan has 30 seconds left.\n|inactive|crochet A31 has 30 seconds left.\n|inactive|crochet A31 has 20 seconds left.\n|\n|t:|1746082613\n|move|p1a: Koraidon|Protect|p1a: Koraidon\n|-singleturn|p1a: Koraidon|Protect\n|move|p1b: Hitmontop|Wide Guard|p1b: Hitmontop\n|-singleturn|p1b: Hitmontop|Wide Guard\n|move|p2a: Ninetales|Blizzard|p1b: Hitmontop|[spread] \n|-activate|p1a: Koraidon|move: Wide Guard\n|-activate|p1b: Hitmontop|move: Wide Guard\n|move|p2b: Baxcalibur|Scale Shot|p1a: Koraidon\n|-activate|p1a: Koraidon|move: Protect\n|\n|-weather|SunnyDay|[upkeep]\n|-sideend|p2: crochet A31|move: Tailwind\n|upkeep\n|turn|5\n|inactive|onda apan has 30 seconds left.\n|inactive|crochet A31 has 30 seconds left.\n|inactive|onda apan has 20 seconds left.\n|inactive|onda apan has 15 seconds left.\n|inactive|crochet A31 has 20 seconds left.\n|inactive|crochet A31 has 15 seconds left.\n|\n|t:|1746082659\n|move|p2a: Ninetales|Protect|p2a: Ninetales\n|-singleturn|p2a: Ninetales|Protect\n|move|p1a: Koraidon|Close Combat|p2b: Baxcalibur\n|-supereffective|p2b: Baxcalibur\n|-damage|p2b: Baxcalibur|0 fnt\n|-unboost|p1a: Koraidon|def|1\n|-unboost|p1a: Koraidon|spd|1\n|faint|p2b: Baxcalibur\n|-damage|p1a: Koraidon|91/100|[from] item: Life Orb\n|move|p1b: Hitmontop|Close Combat|p2a: Ninetales\n|-activate|p2a: Ninetales|move: Protect\n|\n|-weather|SunnyDay|[upkeep]\n|upkeep\n|turn|6\n|\n|t:|1746082679\n|move|p1b: Hitmontop|Wide Guard|p1b: Hitmontop\n|-singleturn|p1b: Hitmontop|Wide Guard\n|move|p1a: Koraidon|Flare Blitz|p2a: Ninetales\n|-supereffective|p2a: Ninetales\n|-damage|p2a: Ninetales|0 fnt\n|faint|p2a: Ninetales\n|-damage|p1a: Koraidon|63/100|[from] Recoil\n|-damage|p1a: Koraidon|53/100|[from] item: Life Orb\n|\n|win|onda apan\n||crochet A31 is ready for game 3.\n|l|\u2606crochet A31\n|player|p2|\n||onda apan is ready for game 3.\n|uhtml|next|Next: <a href=\"/battle-gen9vgc2025regibo3-2354500957\"><strong>Game 3 of 3</strong></a>\n", "uploadtime": 1746083025, "views": 23, "formatid": "gen9vgc2025regibo3", "rating": null, "private": 0, "password": null}