{"id": "gen9vgc2025regibo3-2354462553", "format": "[Gen 9] VGC 2025 Reg I (Bo3)", "players": ["tzarii", "kakarotto_san6969"], "log": "|j|\u2606tzarii\n|j|\u2606kakarotto_san6969\n|html|<table width=\"100%\"><tr><td align=\"left\">tzarii</td><td align=\"right\">kakarotto_san6969</tr><tr><td align=\"left\"><i class=\"fa fa-circle-o\"></i> <i class=\"fa fa-circle-o\"></i> </td><td align=\"right\"><i class=\"fa fa-circle-o\"></i> <i class=\"fa fa-circle-o\"></i> </tr></table>\n|uhtml|bestof|<h2><strong>Game 1</strong> of <a href=\"/game-bestof3-gen9vgc2025regibo3-2354462552\">a best-of-3</a></h2>\n|t:|1746075394\n|gametype|doubles\n|player|p1|tzarii|lady-gen4|1147\n|player|p2|kakarotto_san6969|1|1068\n|teamsize|p1|6\n|teamsize|p2|6\n|gen|9\n|tier|[Gen 9] VGC 2025 Reg I (Bo3)\n|rated|\n|rule|Species Clause: Limit one of each Pok\u00e9mon\n|rule|Item Clause: Limit 1 of each item\n|clearpoke\n|poke|p1|Koraidon, L50|\n|poke|p1|Groudon, L50|\n|poke|p1|Flutter Mane, L50|\n|poke|p1|Scovillain, L50, M|\n|poke|p1|Rillaboom, L50, F|\n|poke|p1|Scream Tail, L50|\n|poke|p2|Calyrex-Shadow, L50|\n|poke|p2|Weezing-Galar, L50, M|\n|poke|p2|Smeargle, L50, F|\n|poke|p2|Ditto, L50|\n|poke|p2|Indeedee-F, L50, F|\n|poke|p2|Zamazenta-*, L50|\n|teampreview|4\n|showteam|p1|Koraidon||ClearAmulet|OrichalcumPulse|FlameCharge,CloseCombat,FlareBlitz,Protect||||||50|,,,,,Fire]Groudon||AssaultVest|Drought|PrecipiceBlades,HeatCrash,StoneEdge,HighHorsepower||||||50|,,,,,Water]Flutter Mane||FocusSash|Protosynthesis|Moonblast,IcyWind,ShadowBall,Protect||||||50|,,,,,Fairy]Scovillain||CovertCloak|Chlorophyll|Overheat,SpicyExtract,WillOWisp,ScaryFace|||M|||50|,,,,,Fire]Rillaboom||MiracleSeed|GrassySurge|FakeOut,GrassyGlide,WoodHammer,Protect|||F|||50|,,,,,Water]Scream Tail||RedCard|Protosynthesis|ThunderWave,Encore,Disable,Protect||||||50|,,,,,Dark\n|showteam|p2|Calyrex-Shadow||AbilityShield|AsOneSpectrier|AstralBarrage,GigaDrain,NastyPlot,Protect||||||50|,,,,,Grass]Weezing-Galar||SitrusBerry|NeutralizingGas|PoisonGas,DazzlingGleam,Taunt,Protect|||M|||50|,,,,,Dark]Smeargle||FocusSash|Moody|FakeOut,Spore,WideGuard,FollowMe|||F|||50|,,,,,Ghost]Ditto||ChoiceScarf|Imposter|Transform||||||50|,,,,,Stellar]Indeedee-F||PsychicSeed|PsychicSurge|FollowMe,HelpingHand,Psychic,Protect|||F|||50|,,,,,Dark]Zamazenta-Crowned||RustedShield|DauntlessShield|BodyPress,behemothbash,Protect,WideGuard||||||50|,,,,,Dragon\n|inactive|Battle timer is ON: inactive players will automatically lose when time's up. (requested by tzarii)\n|\n|t:|1746075448\n|start\n|switch|p1a: Groudon|Groudon, L50|100/100\n|switch|p1b: Rillaboom|Rillaboom, L50, F|100/100\n|switch|p2a: Calyrex|Calyrex-Shadow, L50|100/100\n|switch|p2b: Weezing|Weezing-Galar, L50, M, shiny|100/100\n|-ability|p2b: Weezing|Neutralizing Gas\n|-block|p2a: Calyrex|item: Ability Shield\n|-ability|p2a: Calyrex|As One\n|-ability|p2a: Calyrex|Unnerve\n|turn|1\n|inactive|tzarii has 30 seconds left.\n|inactive|kakarotto_san6969 has 30 seconds left.\n|\n|t:|1746075476\n|move|p2a: Calyrex|Giga Drain|p1a: Groudon\n|-supereffective|p1a: Groudon\n|-damage|p1a: Groudon|67/100\n|move|p1a: Groudon|Precipice Blades|p2b: Weezing|[spread] p2a,p2b\n|-supereffective|p2b: Weezing\n|-damage|p2a: Calyrex|45/100\n|-damage|p2b: Weezing|27/100\n|-enditem|p2b: Weezing|Sitrus Berry|[eat]\n|-heal|p2b: Weezing|51/100|[from] item: Sitrus Berry\n|move|p2b: Weezing|Poison Gas|p1a: Groudon|[spread] p1a,p1b\n|-status|p1a: Groudon|psn\n|-status|p1b: Rillaboom|psn\n|move|p1b: Rillaboom|Wood Hammer|p2a: Calyrex\n|-damage|p2a: Calyrex|0 fnt\n|faint|p2a: Calyrex\n|-damage|p1b: Rillaboom|88/100 psn|[from] Recoil\n|\n|-damage|p1a: Groudon|55/100 psn|[from] psn\n|-damage|p1b: Rillaboom|76/100 psn|[from] psn\n|upkeep\n|\n|t:|1746075497\n|switch|p2a: Smeargle|Smeargle, L50, F, shiny|100/100\n|turn|2\n|\n|t:|1746075511\n|move|p2a: Smeargle|Spore||[still]\n|-fail|p2a: Smeargle\n|move|p1a: Groudon|Precipice Blades|p2a: Smeargle|[spread] p2a\n|-miss|p1a: Groudon|p2b: Weezing\n|-enditem|p2a: Smeargle|Focus Sash\n|-damage|p2a: Smeargle|1/100\n|move|p2b: Weezing|Dazzling Gleam|p1b: Rillaboom|[spread] p1a,p1b\n|-crit|p1a: Groudon\n|-damage|p1a: Groudon|40/100 psn\n|-damage|p1b: Rillaboom|52/100 psn\n|move|p1b: Rillaboom|Wood Hammer|p2a: Smeargle\n|-damage|p2a: Smeargle|0 fnt\n|faint|p2a: Smeargle\n|-damage|p1b: Rillaboom|52/100 psn|[from] Recoil\n|\n|-damage|p1a: Groudon|28/100 psn|[from] psn\n|-damage|p1b: Rillaboom|40/100 psn|[from] psn\n|upkeep\n|-message|kakarotto_san6969 forfeited.\n|\n|win|tzarii\n|l|\u2606kakarotto_san6969\n|player|p2|\n||tzarii is ready for game 2.\n||kakarotto_san6969 is ready for game 2.\n|uhtml|next|Next: <a href=\"/battle-gen9vgc2025regibo3-2354463333\"><strong>Game 2 of 3</strong></a>\n|l|\u2606tzarii\n|player|p1|\n", "uploadtime": 1746075918, "views": 7, "formatid": "gen9vgc2025regibo3", "rating": null, "private": 0, "password": null}