{"id": "gen9vgc2025regibo3-2353685919", "format": "[Gen 9] VGC 2025 Reg I (Bo3)", "players": ["Taijem", "Gopackgo25"], "log": "|j|\u2606Taijem\n|j|\u2606Gopackgo25\n|html|<table width=\"100%\"><tr><td align=\"left\">Taijem</td><td align=\"right\">Gopackgo25</tr><tr><td align=\"left\"><i class=\"fa fa-circle\"></i> <i class=\"fa fa-circle-o\"></i> </td><td align=\"right\"><i class=\"fa fa-circle-o\"></i> <i class=\"fa fa-circle\"></i> </tr></table>\n|uhtml|bestof|<h2><strong>Game 3</strong> of <a href=\"/game-bestof3-gen9vgc2025regibo3-2353682296\">a best-of-3</a></h2>\n|t:|1745983488\n|gametype|doubles\n|player|p1|Taijem|archer|1036\n|player|p2|Gopackgo25|266|1107\n|teamsize|p1|6\n|teamsize|p2|6\n|gen|9\n|tier|[Gen 9] VGC 2025 Reg I (Bo3)\n|rated|\n|rule|Species Clause: Limit one of each Pok\u00e9mon\n|rule|Item Clause: Limit 1 of each item\n|clearpoke\n|poke|p1|Kyogre, L50|\n|poke|p1|Zacian-*, L50|\n|poke|p1|Tornadus, L50, M|\n|poke|p1|Urshifu-*, L50, F|\n|poke|p1|Chien-Pao, L50|\n|poke|p1|Amoonguss, L50, M|\n|poke|p2|Zamazenta-*, L50|\n|poke|p2|Calyrex-Shadow, L50|\n|poke|p2|Murkrow, L50, M|\n|poke|p2|Rillaboom, L50, M|\n|poke|p2|Flutter Mane, L50|\n|poke|p2|Chi-Yu, L50|\n|teampreview|4\n|showteam|p1|Kyogre||MysticWater|Drizzle|WaterSpout,OriginPulse,IceBeam,Protect||||||50|,,,,,Grass]Zacian-Crowned||RustedSword|IntrepidSword|behemothblade,PlayRough,SacredSword,Protect||||||50|,,,,,Fairy]Tornadus||CovertCloak|Prankster|Tailwind,BleakwindStorm,RainDance,Taunt|||M|||50|,,,,,Dark]Urshifu-Rapid-Strike||ChoiceScarf|UnseenFist|SurgingStrikes,CloseCombat,AquaJet,Uturn|||F|||50|,,,,,Ghost]Chien-Pao||FocusSash|SwordofRuin|IceSpinner,SuckerPunch,SacredSword,Protect||||||50|,,,,,Ghost]Amoonguss||RockyHelmet|Regenerator|RagePowder,Spore,PollenPuff,Protect|||M|||50|,,,,,Water\n|showteam|p2|Zamazenta-Crowned||RustedShield|DauntlessShield|Protect,IronDefense,Snarl,BodyPress||||||50|,,,,,Fire]Calyrex-Shadow||FocusSash|AsOneSpectrier|Protect,PollenPuff,Psychic,AstralBarrage||||||50|,,,,,Normal]Murkrow||LifeOrb|Prankster|Tailwind,Taunt,SuckerPunch,BraveBird|||M|||50|,,,,,Ghost]Rillaboom||AssaultVest|GrassySurge|FakeOut,Uturn,TeraBlast,GrassyGlide|||M|||50|,,,,,Rock]Flutter Mane||BoosterEnergy|Protosynthesis|Protect,Taunt,IcyWind,Moonblast||||||50|,,,,,Fairy]Chi-Yu||ChoiceScarf|BeadsofRuin|HeatWave,DarkPulse,Overheat,Psychic||||||50|,,,,,Ghost\n|inactive|Battle timer is ON: inactive players will automatically lose when time's up. (requested by Taijem)\n|inactive|Gopackgo25 has 60 seconds left.\n|\n|t:|1745983534\n|start\n|switch|p1a: Chien-Pao|Chien-Pao, L50|100/100\n|switch|p1b: Zacian|Zacian-Crowned, L50|100/100\n|switch|p2a: Murkrow|Murkrow, L50, M|100/100\n|switch|p2b: Chi-Yu|Chi-Yu, L50|100/100\n|-ability|p2b: Chi-Yu|Beads of Ruin\n|-ability|p1b: Zacian|Intrepid Sword|boost\n|-boost|p1b: Zacian|atk|1\n|-ability|p1a: Chien-Pao|Sword of Ruin\n|turn|1\n|inactive|Taijem has 30 seconds left.\n|inactive|Taijem has 20 seconds left.\n|inactive|Taijem has 15 seconds left.\n|inactive|Taijem has 10 seconds left.\n|\n|t:|1745983581\n|-terastallize|p1b: Zacian|Fairy\n|move|p1a: Chien-Pao|Sucker Punch|p2b: Chi-Yu\n|-resisted|p2b: Chi-Yu\n|-damage|p2b: Chi-Yu|60/100\n|move|p2a: Murkrow|Taunt|p1b: Zacian\n|-start|p1b: Zacian|move: Taunt\n|move|p2b: Chi-Yu|Heat Wave|p1b: Zacian|[spread] p1a,p1b\n|-supereffective|p1a: Chien-Pao\n|-crit|p1b: Zacian\n|-enditem|p1a: Chien-Pao|Focus Sash\n|-damage|p1a: Chien-Pao|1/100\n|-damage|p1b: Zacian|30/100\n|move|p1b: Zacian|Sacred Sword|p2a: Murkrow\n|-damage|p2a: Murkrow|0 fnt\n|faint|p2a: Murkrow\n|\n|upkeep\n|inactive|Gopackgo25 has 30 seconds left.\n|\n|t:|1745983608\n|switch|p2a: Rillaboom|Rillaboom, L50, M|100/100\n|-fieldstart|move: Grassy Terrain|[from] ability: Grassy Surge|[of] p2a: Rillaboom\n|turn|2\n|\n|t:|1745983623\n|switch|p1b: Tornadus|Tornadus, L50, M|100/100\n|move|p1a: Chien-Pao|Protect|p1a: Chien-Pao\n|-singleturn|p1a: Chien-Pao|Protect\n|move|p2a: Rillaboom|Fake Out|p1a: Chien-Pao\n|-activate|p1a: Chien-Pao|move: Protect\n|move|p2b: Chi-Yu|Heat Wave|p1b: Tornadus|[spread] \n|-activate|p1a: Chien-Pao|move: Protect\n|-miss|p2b: Chi-Yu|p1b: Tornadus\n|\n|-heal|p2b: Chi-Yu|66/100|[from] Grassy Terrain\n|-heal|p1a: Chien-Pao|7/100|[from] Grassy Terrain\n|upkeep\n|turn|3\n|\n|t:|1745983639\n|switch|p1a: Zacian|Zacian-Crowned, L50, tera:Fairy|30/100\n|move|p1b: Tornadus|Rain Dance|p1b: Tornadus\n|-weather|RainDance\n|move|p2a: Rillaboom|Grassy Glide|p1a: Zacian\n|-damage|p1a: Zacian|0 fnt\n|faint|p1a: Zacian\n|move|p2b: Chi-Yu|Heat Wave|p1b: Tornadus\n|-damage|p1b: Tornadus|63/100\n|\n|-weather|RainDance|[upkeep]\n|-heal|p2b: Chi-Yu|72/100|[from] Grassy Terrain\n|upkeep\n|\n|t:|1745983645\n|switch|p1a: Chien-Pao|Chien-Pao, L50|7/100\n|-ability|p1a: Chien-Pao|Sword of Ruin\n|turn|4\n|\n|t:|1745983658\n|move|p1b: Tornadus|Tailwind|p1b: Tornadus\n|-sidestart|p1: Taijem|move: Tailwind\n|move|p2a: Rillaboom|Grassy Glide|p1a: Chien-Pao\n|-damage|p1a: Chien-Pao|0 fnt\n|faint|p1a: Chien-Pao\n|move|p2b: Chi-Yu|Heat Wave|p1b: Tornadus\n|-damage|p1b: Tornadus|23/100\n|\n|-weather|RainDance|[upkeep]\n|-heal|p2b: Chi-Yu|78/100|[from] Grassy Terrain\n|upkeep\n|\n|t:|1745983664\n|switch|p1a: Kyogre|Kyogre, L50|100/100\n|turn|5\n|\n|t:|1745983673\n|move|p2a: Rillaboom|Grassy Glide|p1a: Kyogre\n|-supereffective|p1a: Kyogre\n|-damage|p1a: Kyogre|15/100\n|move|p1b: Tornadus|Bleakwind Storm|p2b: Chi-Yu|[spread] p2a,p2b\n|-supereffective|p2a: Rillaboom\n|-damage|p2a: Rillaboom|34/100\n|-damage|p2b: Chi-Yu|42/100\n|-unboost|p2a: Rillaboom|spe|1\n|move|p1a: Kyogre|Water Spout|p2a: Rillaboom|[spread] p2a,p2b\n|-resisted|p2a: Rillaboom\n|-supereffective|p2b: Chi-Yu\n|-damage|p2a: Rillaboom|25/100\n|-damage|p2b: Chi-Yu|5/100\n|move|p2b: Chi-Yu|Heat Wave|p1b: Tornadus|[spread] p1a,p1b\n|-resisted|p1a: Kyogre\n|-damage|p1a: Kyogre|5/100\n|-damage|p1b: Tornadus|0 fnt\n|faint|p1b: Tornadus\n|\n|-weather|RainDance|[upkeep]\n|-heal|p1a: Kyogre|11/100|[from] Grassy Terrain\n|-heal|p2b: Chi-Yu|11/100|[from] Grassy Terrain\n|-heal|p2a: Rillaboom|31/100|[from] Grassy Terrain\n|upkeep\n|turn|6\n|c|\u2606Gopackgo25|ggs\n|c|\u2606Taijem|gg\n|\n|t:|1745983698\n|move|p2a: Rillaboom|Grassy Glide|p1a: Kyogre\n|-supereffective|p1a: Kyogre\n|-damage|p1a: Kyogre|0 fnt\n|faint|p1a: Kyogre\n|\n|win|Gopackgo25\n|raw|Taijem's rating: 1036 &rarr; <strong>1024</strong><br />(-12 for losing)\n|raw|Gopackgo25's rating: 1107 &rarr; <strong>1127</strong><br />(+20 for winning)\n|l|\u2606Taijem\n|player|p1|\n", "uploadtime": 1745983802, "views": 14, "formatid": "gen9vgc2025regibo3", "rating": 1024, "private": 0, "password": null}