{"id": "gen9vgc2025regibo3-2353825165", "format": "[Gen 9] VGC 2025 Reg I (Bo3)", "players": ["Nutchup", "LunarKnight69"], "log": "|j|\u2606Nutchup\n|j|\u2606LunarKnight69\n|html|<table width=\"100%\"><tr><td align=\"left\">Nutchup</td><td align=\"right\">LunarKnight69</tr><tr><td align=\"left\"><i class=\"fa fa-circle-o\"></i> <i class=\"fa fa-circle-o\"></i> </td><td align=\"right\"><i class=\"fa fa-circle-o\"></i> <i class=\"fa fa-circle-o\"></i> </tr></table>\n|uhtml|bestof|<h2><strong>Game 1</strong> of <a href=\"/game-bestof3-gen9vgc2025regibo3-2353825164\">a best-of-3</a></h2>\n|t:|1746006214\n|gametype|doubles\n|player|p1|Nutchup|janitor|1122\n|player|p2|LunarKnight69|266|1119\n|teamsize|p1|6\n|teamsize|p2|6\n|gen|9\n|tier|[Gen 9] VGC 2025 Reg I (Bo3)\n|rated|\n|rule|Species Clause: Limit one of each Pok\u00e9mon\n|rule|Item Clause: Limit 1 of each item\n|clearpoke\n|poke|p1|Calyrex-Ice, L50|\n|poke|p1|Amoonguss, L50, F|\n|poke|p1|Urshifu-*, L50, F|\n|poke|p1|Roaring Moon, L50|\n|poke|p1|Ogerpon-Hearthflame, L50, F|\n|poke|p1|Reshiram, L50|\n|poke|p2|Miraidon, L50|\n|poke|p2|Lunala, L50|\n|poke|p2|Chi-Yu, L50|\n|poke|p2|Grimmsnarl, L50, M|\n|poke|p2|Iron Hands, L50|\n|poke|p2|Urshifu-*, L50, M|\n|teampreview|4\n|showteam|p1|Calyrex-Ice||ClearAmulet|AsOneGlastrier|GlacialLance,HighHorsepower,Protect,TrickRoom||||||50|,,,,,Water]Amoonguss||CovertCloak|Regenerator|PollenPuff,Spore,ClearSmog,RagePowder|||F|||50|,,,,,Fairy]Urshifu-Rapid-Strike||MysticWater|UnseenFist|SurgingStrikes,Taunt,CloseCombat,Detect|||F|||50|,,,,,Water]Roaring Moon||BoosterEnergy|Protosynthesis|KnockOff,Acrobatics,Protect,Tailwind||||||50|,,,,,Flying]Ogerpon-Hearthflame||HearthflameMask|MoldBreaker|IvyCudgel,HornLeech,FollowMe,SpikyShield|||F|||50|,,,,,Fire]Reshiram||WideLens|Turboblaze|Tailwind,BlueFlare,DracoMeteor,Protect||||||50|,,,,,Fairy\n|showteam|p2|Miraidon||ChoiceSpecs|HadronEngine|VoltSwitch,DazzlingGleam,DracoMeteor,ElectroDrift||||||50|,,,,,Fairy]Lunala||PowerHerb|ShadowShield|MoongeistBeam,WideGuard,Moonblast,MeteorBeam||||||50|,,,,,Fairy]Chi-Yu||ChoiceScarf|BeadsofRuin|Snarl,DarkPulse,HeatWave,Flamethrower||||||50|,,,,,Ghost]Grimmsnarl||LightClay|Prankster|LightScreen,Reflect,SpiritBreak,ThunderWave|||M|||50|,,,,,Ghost]Iron Hands||AssaultVest|QuarkDrive|DrainPunch,FakeOut,LowKick,HeavySlam||||||50|,,,,,Water]Urshifu-Rapid-Strike||LifeOrb|UnseenFist|AquaJet,CloseCombat,Detect,SurgingStrikes|||M|||50|,,,,,Water\n|inactive|Battle timer is ON: inactive players will automatically lose when time's up. (requested by Nutchup)\n|inactive|Nutchup has 60 seconds left.\n|inactive|LunarKnight69 has 60 seconds left.\n|inactive|Nutchup has 30 seconds left.\n|inactive|LunarKnight69 has 30 seconds left.\n|inactive|Nutchup has 20 seconds left.\n|inactive|LunarKnight69 has 20 seconds left.\n|inactive|Nutchup has 15 seconds left.\n|inactive|LunarKnight69 has 15 seconds left.\n|inactive|Nutchup has 10 seconds left.\n|\n|t:|1746006299\n|start\n|switch|p1a: Amoonguss|Amoonguss, L50, F|100/100\n|switch|p1b: Reshiram|Reshiram, L50|100/100\n|switch|p2a: Miraidon|Miraidon, L50|100/100\n|switch|p2b: Chi-Yu|Chi-Yu, L50|100/100\n|-ability|p2b: Chi-Yu|Beads of Ruin\n|-fieldstart|move: Electric Terrain|[from] ability: Hadron Engine|[of] p2a: Miraidon\n|-ability|p1b: Reshiram|Turboblaze\n|turn|1\n|inactive|Nutchup has 30 seconds left.\n|inactive|Nutchup has 20 seconds left.\n|\n|t:|1746006334\n|-terastallize|p1a: Amoonguss|Fairy\n|move|p1a: Amoonguss|Rage Powder|p1a: Amoonguss\n|-singleturn|p1a: Amoonguss|move: Rage Powder\n|move|p2b: Chi-Yu|Flamethrower|p1a: Amoonguss\n|-damage|p1a: Amoonguss|38/100\n|move|p2a: Miraidon|Dazzling Gleam|p1b: Reshiram|[spread] p1a,p1b\n|-damage|p1a: Amoonguss|0 fnt\n|-damage|p1b: Reshiram|59/100\n|faint|p1a: Amoonguss\n|move|p1b: Reshiram|Tailwind|p1b: Reshiram\n|-sidestart|p1: Nutchup|move: Tailwind\n|\n|upkeep\n|\n|t:|1746006343\n|switch|p1a: Urshifu|Urshifu-Rapid-Strike, L50, F|100/100\n|turn|2\n|\n|t:|1746006362\n|switch|p2b: Grimmsnarl|Grimmsnarl, L50, M|100/100\n|move|p1a: Urshifu|Close Combat|p2a: Miraidon\n|-damage|p2a: Miraidon|33/100\n|-unboost|p1a: Urshifu|def|1\n|-unboost|p1a: Urshifu|spd|1\n|move|p1b: Reshiram|Blue Flare|p2a: Miraidon\n|-resisted|p2a: Miraidon\n|-damage|p2a: Miraidon|0 fnt\n|faint|p2a: Miraidon\n|\n|upkeep\n|\n|t:|1746006373\n|switch|p2a: Chi-Yu|Chi-Yu, L50|100/100\n|-ability|p2a: Chi-Yu|Beads of Ruin\n|turn|3\n|\n|t:|1746006397\n|move|p1a: Urshifu|Detect|p1a: Urshifu\n|-singleturn|p1a: Urshifu|Protect\n|move|p2b: Grimmsnarl|Thunder Wave|p1a: Urshifu\n|-activate|p1a: Urshifu|move: Protect\n|move|p2a: Chi-Yu|Heat Wave|p1a: Urshifu|[spread] p1b\n|-activate|p1a: Urshifu|move: Protect\n|-resisted|p1b: Reshiram\n|-damage|p1b: Reshiram|49/100\n|move|p1b: Reshiram|Blue Flare|p2b: Grimmsnarl\n|-damage|p2b: Grimmsnarl|2/100\n|\n|upkeep\n|turn|4\n|inactive|Nutchup has 30 seconds left.\n|\n|t:|1746006428\n|move|p2b: Grimmsnarl|Reflect|p2b: Grimmsnarl\n|-sidestart|p2: LunarKnight69|Reflect\n|move|p1a: Urshifu|Surging Strikes|p2a: Chi-Yu\n|-supereffective|p2a: Chi-Yu\n|-crit|p2a: Chi-Yu\n|-damage|p2a: Chi-Yu|22/100\n|-supereffective|p2a: Chi-Yu\n|-crit|p2a: Chi-Yu\n|-damage|p2a: Chi-Yu|0 fnt\n|faint|p2a: Chi-Yu\n|-hitcount|p2: Chi-Yu|2\n|move|p1b: Reshiram|Blue Flare|p2b: Grimmsnarl\n|-damage|p2b: Grimmsnarl|0 fnt\n|faint|p2b: Grimmsnarl\n|\n|-sideend|p1: Nutchup|move: Tailwind\n|upkeep\n|\n|t:|1746006442\n|switch|p2a: Lunala|Lunala, L50|100/100\n|turn|5\n|inactive|Nutchup has 30 seconds left.\n|\n|t:|1746006468\n|move|p1a: Urshifu|Surging Strikes|p2a: Lunala\n|-crit|p2a: Lunala\n|-damage|p2a: Lunala|92/100\n|-crit|p2a: Lunala\n|-damage|p2a: Lunala|72/100\n|-crit|p2a: Lunala\n|-damage|p2a: Lunala|53/100\n|-hitcount|p2a: Lunala|3\n|move|p2a: Lunala|Meteor Beam||[still]\n|-prepare|p2a: Lunala|Meteor Beam\n|-boost|p2a: Lunala|spa|1\n|-enditem|p2a: Lunala|Power Herb\n|-anim|p2a: Lunala|Meteor Beam|p1b: Reshiram\n|-supereffective|p1b: Reshiram\n|-damage|p1b: Reshiram|0 fnt\n|faint|p1b: Reshiram\n|\n|-fieldend|move: Electric Terrain\n|upkeep\n|\n|t:|1746006477\n|switch|p1b: Calyrex|Calyrex-Ice, L50|100/100\n|-ability|p1b: Calyrex|As One\n|-ability|p1b: Calyrex|Unnerve\n|turn|6\n|\n|t:|1746006502\n|-terastallize|p2a: Lunala|Fairy\n|move|p1a: Urshifu|Detect|p1a: Urshifu\n|-singleturn|p1a: Urshifu|Protect\n|move|p2a: Lunala|Moonblast|p1a: Urshifu\n|-activate|p1a: Urshifu|move: Protect\n|move|p1b: Calyrex|Glacial Lance|p2a: Lunala\n|-damage|p2a: Lunala|12/100\n|\n|upkeep\n|turn|7\n|\n|t:|1746006514\n|move|p1a: Urshifu|Surging Strikes|p2a: Lunala\n|-crit|p2a: Lunala\n|-damage|p2a: Lunala|0 fnt\n|faint|p2a: Lunala\n|-hitcount|p2: Lunala|1\n|\n|win|Nutchup\n|l|\u2606LunarKnight69\n|player|p2|\n||LunarKnight69 is ready for game 2.\n||Nutchup is ready for game 2.\n|uhtml|next|Next: <a href=\"/battle-gen9vgc2025regibo3-2353827096\"><strong>Game 2 of 3</strong></a>\n", "uploadtime": 1746006825, "views": 6, "formatid": "gen9vgc2025regibo3", "rating": null, "private": 0, "password": null}