{"id": "gen9vgc2025regibo3-2354366478", "format": "[Gen 9] VGC 2025 Reg I (Bo3)", "players": ["CatMaidMiller", "ExessVGC"], "log": "|j|\u2606CatMaidMiller\n|j|\u2606ExessVGC\n|html|<table width=\"100%\"><tr><td align=\"left\">CatMaidMiller</td><td align=\"right\">ExessVGC</tr><tr><td align=\"left\"><i class=\"fa fa-circle\"></i> <i class=\"fa fa-circle-o\"></i> </td><td align=\"right\"><i class=\"fa fa-circle-o\"></i> <i class=\"fa fa-circle\"></i> </tr></table>\n|uhtml|bestof|<h2><strong>Game 3</strong> of <a href=\"/game-bestof3-gen9vgc2025regibo3-2354360286\">a best-of-3</a></h2>\n|t:|1746062555\n|gametype|doubles\n|player|p1|CatMaidMiller|waitress-gen4|1136\n|player|p2|ExessVGC|169|1144\n|teamsize|p1|6\n|teamsize|p2|6\n|gen|9\n|tier|[Gen 9] VGC 2025 Reg I (Bo3)\n|rated|\n|rule|Species Clause: Limit one of each Pok\u00e9mon\n|rule|Item Clause: Limit 1 of each item\n|clearpoke\n|poke|p1|Calyrex-Shadow, L50|\n|poke|p1|Zamazenta-*, L50|\n|poke|p1|Incineroar, L50, F|\n|poke|p1|Urshifu-*, L50, F|\n|poke|p1|Ogerpon-Hearthflame, L50, F|\n|poke|p1|Tornadus, L50, M|\n|poke|p2|Calyrex-Ice, L50|\n|poke|p2|Lunala, L50|\n|poke|p2|Pelipper, L50, M|\n|poke|p2|Ursaluna, L50, F|\n|poke|p2|Indeedee-F, L50, F|\n|poke|p2|Amoonguss, L50, F|\n|teampreview|4\n|showteam|p1|Calyrex-Shadow||LifeOrb|AsOneSpectrier|AstralBarrage,Psychic,NastyPlot,Protect||||||50|,,,,,Dark]Zamazenta-Crowned||RustedShield|DauntlessShield|BodyPress,behemothbash,WideGuard,Imprison||||||50|,,,,,Dragon]Incineroar||RockyHelmet|Intimidate|KnockOff,PartingShot,FakeOut,HelpingHand|||F|||50|,,,,,Bug]Urshifu-Rapid-Strike||ChoiceScarf|UnseenFist|SurgingStrikes,CloseCombat,Coaching,Uturn|||F|||50|,,,,,Water]Ogerpon-Hearthflame||HearthflameMask|MoldBreaker|IvyCudgel,GrassyGlide,FollowMe,SpikyShield|||F|||50|,,,,,Fire]Tornadus||CovertCloak|Prankster|BleakwindStorm,Tailwind,ScaryFace,Taunt|||M|||50|,,,,,Dark\n|showteam|p2|Calyrex-Ice||ClearAmulet|AsOneGlastrier|GlacialLance,HighHorsepower,TrickRoom,Protect||||||50|,,,,,Water]Lunala||PowerHerb|ShadowShield|MeteorBeam,MoongeistBeam,WideGuard,TrickRoom||||||50|,,,,,Fairy]Pelipper||LifeOrb|Drizzle|WeatherBall,Hurricane,WideGuard,IceBeam|||M|||50|,,,,,Water]Ursaluna||FlameOrb|Guts|Protect,Facade,HeadlongRush,Earthquake|||F|||50|,,,,,Ghost]Indeedee-F||SafetyGoggles|PsychicSurge|FollowMe,HelpingHand,AlluringVoice,TrickRoom|||F|||50|,,,,,Fairy]Amoonguss||RockyHelmet|Regenerator|Spore,RagePowder,SludgeBomb,PollenPuff|||F|||50|,,,,,Dark\n|c|\u2606CatMaidMiller|Youre corny as hell\n|c|\u2606ExessVGC|if i were in you i preferred losing against a stronger opponent with better strat\n|c|\u2606ExessVGC|not a lucky boy... so shut up\n|c|\u2606ExessVGC|and play better\n|c|\u2606ExessVGC|youre strong only if you can win with strategy\n|c|\u2606CatMaidMiller|LMAO\n|c|\u2606CatMaidMiller|you don\u2019t know me\n|inactive|Battle timer is ON: inactive players will automatically lose when time's up. (requested by CatMaidMiller)\n|c|\u2606CatMaidMiller|Chop chop\n|\n|t:|1746062668\n|start\n|switch|p1a: Calyrex|Calyrex-Shadow, L50|100/100\n|switch|p1b: Zamazenta|Zamazenta-Crowned, L50, shiny|100/100\n|switch|p2a: Lunala|Lunala, L50|100/100\n|switch|p2b: Indeedee|Indeedee-F, L50, F|100/100\n|-ability|p1a: Calyrex|As One\n|-ability|p1a: Calyrex|Unnerve\n|-ability|p1b: Zamazenta|Dauntless Shield|boost\n|-boost|p1b: Zamazenta|def|1\n|-fieldstart|move: Psychic Terrain|[from] ability: Psychic Surge|[of] p2b: Indeedee\n|turn|1\n|inactive|CatMaidMiller has 30 seconds left.\n|inactive|ExessVGC has 30 seconds left.\n|\n|t:|1746062698\n|-terastallize|p1a: Calyrex|Dark\n|-terastallize|p2a: Lunala|Fairy\n|move|p1a: Calyrex|Psychic|p2b: Indeedee\n|-resisted|p2b: Indeedee\n|-damage|p2b: Indeedee|60/100\n|-unboost|p2b: Indeedee|spd|1\n|-damage|p1a: Calyrex|91/100|[from] item: Life Orb\n|move|p1b: Zamazenta|Body Press|p2b: Indeedee\n|-damage|p2b: Indeedee|0 fnt\n|faint|p2b: Indeedee\n|move|p2a: Lunala|Moongeist Beam|p1a: Calyrex\n|-resisted|p1a: Calyrex\n|-damage|p1a: Calyrex|66/100\n|\n|upkeep\n|\n|t:|1746062711\n|switch|p2b: Calyrex|Calyrex-Ice, L50|100/100\n|-ability|p2b: Calyrex|As One\n|-ability|p2b: Calyrex|Unnerve\n|turn|2\n|inactive|CatMaidMiller has 30 seconds left.\n|inactive|ExessVGC has 30 seconds left.\n|inactive|ExessVGC has 20 seconds left.\n|inactive|ExessVGC has 15 seconds left.\n|\n|t:|1746062755\n|move|p2a: Lunala|Wide Guard|p2a: Lunala\n|-singleturn|p2a: Lunala|Wide Guard\n|move|p1a: Calyrex|Nasty Plot|p1a: Calyrex\n|-boost|p1a: Calyrex|spa|2\n|move|p1b: Zamazenta|Imprison|p1b: Zamazenta\n|-start|p1b: Zamazenta|move: Imprison\n|move|p2b: Calyrex|Glacial Lance|p1b: Zamazenta|[spread] p1a,p1b\n|-resisted|p1b: Zamazenta\n|-damage|p1a: Calyrex|11/100\n|-damage|p1b: Zamazenta|91/100\n|\n|upkeep\n|turn|3\n|inactive|ExessVGC has 30 seconds left.\n|\n|t:|1746062782\n|switch|p2b: Amoonguss|Amoonguss, L50, F|100/100\n|move|p1b: Zamazenta|Wide Guard|p1b: Zamazenta\n|-singleturn|p1b: Zamazenta|Wide Guard\n|move|p1a: Calyrex|Astral Barrage|p2a: Lunala|[spread] p2a,p2b\n|-damage|p2a: Lunala|59/100\n|-damage|p2b: Amoonguss|0 fnt\n|faint|p2b: Amoonguss\n|-ability|p1a: Calyrex|Grim Neigh|boost\n|-boost|p1a: Calyrex|spa|1\n|-damage|p1a: Calyrex|2/100|[from] item: Life Orb\n|move|p2a: Lunala|Trick Room|p2a: Lunala\n|-fieldstart|move: Trick Room|[of] p2a: Lunala\n|\n|upkeep\n|\n|t:|1746062795\n|switch|p2b: Calyrex|Calyrex-Ice, L50|100/100\n|-ability|p2b: Calyrex|As One\n|-ability|p2b: Calyrex|Unnerve\n|turn|4\n|\n|t:|1746062819\n|switch|p1a: Incineroar|Incineroar, L50, F, shiny|100/100\n|-ability|p1a: Incineroar|Intimidate|boost\n|-unboost|p2a: Lunala|atk|1\n|-fail|p2b: Calyrex|unboost|[from] item: Clear Amulet|[of] p2b: Calyrex\n|move|p2b: Calyrex|High Horsepower|p1b: Zamazenta\n|-supereffective|p1b: Zamazenta\n|-damage|p1b: Zamazenta|63/100\n|move|p2a: Lunala|Moongeist Beam|p1b: Zamazenta\n|-damage|p1b: Zamazenta|33/100\n|move|p1b: Zamazenta|Behemoth Bash|p2a: Lunala\n|-supereffective|p2a: Lunala\n|-damage|p2a: Lunala|0 fnt\n|faint|p2a: Lunala\n|\n|upkeep\n|turn|5\n|c|\u2606CatMaidMiller|Idiot\n|inactive|CatMaidMiller has 30 seconds left.\n|c|\u2606CatMaidMiller|Talk all that smack for what\n|\n|t:|1746062852\n|move|p1a: Incineroar|Fake Out|p2b: Calyrex\n|-activate|p2b: Calyrex|move: Psychic Terrain\n|move|p2b: Calyrex|High Horsepower|p1b: Zamazenta\n|-supereffective|p1b: Zamazenta\n|-damage|p1b: Zamazenta|4/100\n|move|p1b: Zamazenta|Behemoth Bash|p2b: Calyrex\n|-supereffective|p2b: Calyrex\n|-damage|p2b: Calyrex|53/100\n|\n|-fieldend|move: Psychic Terrain\n|upkeep\n|turn|6\n|\n|t:|1746062864\n|switch|p1b: Urshifu|Urshifu-Rapid-Strike, L50, F|100/100\n|move|p2b: Calyrex|Glacial Lance|p1b: Urshifu|[spread] p1a,p1b\n|-resisted|p1a: Incineroar\n|-resisted|p1b: Urshifu\n|-damage|p1a: Incineroar|82/100\n|-damage|p1b: Urshifu|72/100\n|move|p1a: Incineroar|Knock Off|p2b: Calyrex\n|-supereffective|p2b: Calyrex\n|-damage|p2b: Calyrex|8/100\n|-enditem|p2b: Calyrex|Clear Amulet|[from] move: Knock Off|[of] p1a: Incineroar\n|\n|upkeep\n|turn|7\n|c|\u2606ExessVGC|lol youre the toxic part of pokemon vgc\n|c|\u2606CatMaidMiller|I\u2019ve been here longer\n|inactive|CatMaidMiller has 30 seconds left.\n|inactive|ExessVGC has 30 seconds left.\n|c|\u2606ExessVGC|you didnt understand nothing\n|c|\u2606CatMaidMiller|you started this conversation\n|inactive|CatMaidMiller has 20 seconds left.\n|inactive|ExessVGC has 20 seconds left.\n|inactive|CatMaidMiller has 15 seconds left.\n|inactive|ExessVGC has 15 seconds left.\n|inactive|CatMaidMiller has 10 seconds left.\n|\n|t:|1746062911\n|move|p2b: Calyrex|High Horsepower|p1b: Urshifu\n|-crit|p1b: Urshifu\n|-damage|p1b: Urshifu|10/100\n|move|p1a: Incineroar|Knock Off|p2b: Calyrex\n|-supereffective|p2b: Calyrex\n|-damage|p2b: Calyrex|0 fnt\n|faint|p2b: Calyrex\n|\n|win|CatMaidMiller\n|raw|CatMaidMiller's rating: 1136 &rarr; <strong>1162</strong><br />(+26 for winning)\n|raw|ExessVGC's rating: 1144 &rarr; <strong>1118</strong><br />(-26 for losing)\n|c|\u2606CatMaidMiller|Arguing in 1100s is wild\n|c|\u2606ExessVGC|and respond to this is worst bitch\n|l|\u2606ExessVGC\n|player|p2|\n|l|\u2606CatMaidMiller\n|player|p1|\n|j|\u2606CatMaidMiller\n|player|p1|CatMaidMiller|waitress-gen4|\n", "uploadtime": 1746062944, "views": 29, "formatid": "gen9vgc2025regibo3", "rating": 1118, "private": 0, "password": null}