{"id": "gen9vgc2025regibo3-2353882835", "format": "[Gen 9] VGC 2025 Reg I (Bo3)", "players": ["Adrinhoo", "Volanvgc"], "log": "|j|\u2606Adrinhoo\n|j|\u2606Volanvgc\n|html|<table width=\"100%\"><tr><td align=\"left\">Adrinhoo</td><td align=\"right\">Volanvgc</tr><tr><td align=\"left\"><i class=\"fa fa-circle-o\"></i> <i class=\"fa fa-circle-o\"></i> </td><td align=\"right\"><i class=\"fa fa-circle-o\"></i> <i class=\"fa fa-circle-o\"></i> </tr></table>\n|uhtml|bestof|<h2><strong>Game 1</strong> of <a href=\"/game-bestof3-gen9vgc2025regibo3-2353882834\">a best-of-3</a></h2>\n|t:|1746014571\n|gametype|doubles\n|player|p1|Adrinhoo|pokekid|1233\n|player|p2|Volanvgc|veteranf|1281\n|teamsize|p1|6\n|teamsize|p2|6\n|gen|9\n|tier|[Gen 9] VGC 2025 Reg I (Bo3)\n|rated|\n|rule|Species Clause: Limit one of each Pok\u00e9mon\n|rule|Item Clause: Limit 1 of each item\n|clearpoke\n|poke|p1|Zacian-*, L50|\n|poke|p1|Lunala, L50|\n|poke|p1|Urshifu-*, L50, F|\n|poke|p1|Rillaboom, L50, M|\n|poke|p1|Regidrago, L50|\n|poke|p1|Whimsicott, L50, M|\n|poke|p2|Lunala, L50|\n|poke|p2|Koraidon, L50|\n|poke|p2|Flutter Mane, L50|\n|poke|p2|Brute Bonnet, L50|\n|poke|p2|Incineroar, L50, M|\n|poke|p2|Raging Bolt, L50|\n|teampreview|4\n|showteam|p1|Zacian-Crowned||RustedSword|IntrepidSword|behemothblade,PlayRough,SacredSword,Protect||||||50|,,,,,Fire]Lunala||PowerHerb|ShadowShield|MeteorBeam,MoongeistBeam,TrickRoom,WideGuard||||||50|,,,,,Water]Urshifu-Rapid-Strike||ChoiceScarf|UnseenFist|SurgingStrikes,CloseCombat,Coaching,Uturn|||F|||50|,,,,,Ghost]Rillaboom||AssaultVest|GrassySurge|FakeOut,GrassyGlide,WoodHammer,Uturn|||M|||50|,,,,,Fire]Regidrago||ChoiceSpecs|DragonsMaw|DragonEnergy,DracoMeteor,TeraBlast,EarthPower||||||50|,,,,,Ghost]Whimsicott||CovertCloak|Prankster|Moonblast,Tailwind,LightScreen,Encore|||M|||50|,,,,,Dark\n|showteam|p2|Lunala||Leftovers|ShadowShield|MoongeistBeam,Moonblast,CalmMind,Protect||||||50|,,,,,Fairy]Koraidon||LifeOrb|OrichalcumPulse|CloseCombat,FlareBlitz,FlameCharge,Protect||||||50|,,,,,Fire]Flutter Mane||FocusSash|Protosynthesis|Moonblast,IcyWind,ShadowBall,Protect||||||50|,,,,,Normal]Brute Bonnet||CovertCloak|Protosynthesis|Spore,SeedBomb,SuckerPunch,RagePowder||||||50|,,,,,Water]Incineroar||SafetyGoggles|Intimidate|FlareBlitz,FakeOut,PartingShot,KnockOff|||M|||50|,,,,,Water]Raging Bolt||AssaultVest|Protosynthesis|Thunderbolt,Thunderclap,DracoMeteor,VoltSwitch||||||50|,,,,,Electric\n|inactive|Battle timer is ON: inactive players will automatically lose when time's up. (requested by Adrinhoo)\n|inactive|Adrinhoo has 60 seconds left.\n|inactive|Volanvgc has 60 seconds left.\n|\n|t:|1746014625\n|start\n|switch|p1a: Lunala|Lunala, L50|100/100\n|switch|p1b: Whimsicott|Whimsicott, L50, M|100/100\n|switch|p2a: Incineroar|Incineroar, L50, M|100/100\n|switch|p2b: Lunala|Lunala, L50|100/100\n|-ability|p2a: Incineroar|Intimidate|boost\n|-unboost|p1a: Lunala|atk|1\n|-unboost|p1b: Whimsicott|atk|1\n|turn|1\n|inactive|Adrinhoo has 30 seconds left.\n|inactive|Volanvgc has 30 seconds left.\n|inactive|Volanvgc has 20 seconds left.\n|inactive|Volanvgc has 15 seconds left.\n|inactive|Volanvgc has 10 seconds left.\n|\n|t:|1746014671\n|-terastallize|p1a: Lunala|Water\n|move|p2a: Incineroar|Fake Out|p1a: Lunala\n|-damage|p1a: Lunala|96/100\n|move|p1b: Whimsicott|Light Screen|p1b: Whimsicott\n|-sidestart|p1: Adrinhoo|move: Light Screen\n|move|p2b: Lunala|Calm Mind|p2b: Lunala\n|-boost|p2b: Lunala|spa|1\n|-boost|p2b: Lunala|spd|1\n|cant|p1a: Lunala|flinch\n|\n|upkeep\n|turn|2\n|\n|t:|1746014686\n|move|p2b: Lunala|Protect|p2b: Lunala\n|-singleturn|p2b: Lunala|Protect\n|move|p1b: Whimsicott|Encore|p2b: Lunala\n|-activate|p2b: Lunala|move: Protect\n|move|p1a: Lunala|Meteor Beam||[still]\n|-prepare|p1a: Lunala|Meteor Beam\n|-boost|p1a: Lunala|spa|1\n|-enditem|p1a: Lunala|Power Herb\n|-anim|p1a: Lunala|Meteor Beam|p2a: Incineroar\n|-supereffective|p2a: Incineroar\n|-damage|p2a: Incineroar|0 fnt\n|faint|p2a: Incineroar\n|\n|upkeep\n|\n|t:|1746014699\n|switch|p2a: Koraidon|Koraidon, L50|100/100\n|-weather|SunnyDay|[from] ability: Orichalcum Pulse|[of] p2a: Koraidon\n|-activate|p2a: Koraidon|Orichalcum Pulse|[source]\n|turn|3\n|\n|t:|1746014714\n|switch|p2b: Flutter Mane|Flutter Mane, L50|100/100\n|-activate|p2b: Flutter Mane|ability: Protosynthesis\n|-start|p2b: Flutter Mane|protosynthesisspe\n|-terastallize|p2a: Koraidon|Fire\n|move|p1b: Whimsicott|Tailwind|p1b: Whimsicott\n|-sidestart|p1: Adrinhoo|move: Tailwind\n|move|p1a: Lunala|Moongeist Beam|p2a: Koraidon\n|-damage|p2a: Koraidon|10/100\n|move|p2a: Koraidon|Close Combat|p1a: Lunala\n|-damage|p1a: Lunala|6/100\n|-unboost|p2a: Koraidon|def|1\n|-unboost|p2a: Koraidon|spd|1\n|-damage|p2a: Koraidon|0 fnt|[from] item: Life Orb\n|faint|p2a: Koraidon\n|\n|-weather|SunnyDay|[upkeep]\n|upkeep\n|-message|Volanvgc forfeited.\n|\n|win|Adrinhoo\n||Volanvgc is ready for game 2.\n||Adrinhoo is ready for game 2.\n|uhtml|next|Next: <a href=\"/battle-gen9vgc2025regibo3-2353884113\"><strong>Game 2 of 3</strong></a>\n|l|\u2606Adrinhoo\n|player|p1|\n|l|\u2606Volanvgc\n|player|p2|\n", "uploadtime": 1746015084, "views": 6, "formatid": "gen9vgc2025regibo3", "rating": null, "private": 0, "password": null}