{"id": "gen9vgc2025regibo3-2353668320", "format": "[Gen 9] VGC 2025 Reg I (Bo3)", "players": ["SleepyStrawbs", "DROOOOOGS"], "log": "|j|\u2606SleepyStrawbs\n|j|\u2606DROOOOOGS\n|html|<table width=\"100%\"><tr><td align=\"left\">SleepyStrawbs</td><td align=\"right\">DROOOOOGS</tr><tr><td align=\"left\"><i class=\"fa fa-circle-o\"></i> <i class=\"fa fa-circle-o\"></i> </td><td align=\"right\"><i class=\"fa fa-circle-o\"></i> <i class=\"fa fa-circle\"></i> </tr></table>\n|uhtml|bestof|<h2><strong>Game 2</strong> of <a href=\"/game-bestof3-gen9vgc2025regibo3-2353666668\">a best-of-3</a></h2>\n|t:|1745981236\n|gametype|doubles\n|player|p1|SleepyStrawbs|acetrainercouple|1064\n|player|p2|DROOOOOGS|169|1003\n|teamsize|p1|6\n|teamsize|p2|6\n|gen|9\n|tier|[Gen 9] VGC 2025 Reg I (Bo3)\n|rated|\n|rule|Species Clause: Limit one of each Pok\u00e9mon\n|rule|Item Clause: Limit 1 of each item\n|clearpoke\n|poke|p1|Calyrex-Shadow, L50|\n|poke|p1|Tornadus, L50, M|\n|poke|p1|Zacian-*, L50|\n|poke|p1|Farigiraf, L50, M|\n|poke|p1|Amoonguss, L50, M|\n|poke|p1|Urshifu-*, L50, F|\n|poke|p2|Electabuzz, L50, M|\n|poke|p2|Koraidon, L50|\n|poke|p2|Calyrex-Ice, L50|\n|poke|p2|Smeargle, L50, M|\n|poke|p2|Torkoal, L50, M|\n|poke|p2|Regieleki, L50|\n|teampreview|4\n|showteam|p1|Calyrex-Shadow||FocusSash|AsOneSpectrier|AstralBarrage,DrainingKiss,Taunt,Protect||||||50|,,,,,Fairy]Tornadus||CovertCloak|Prankster|Snowscape,Tailwind,BleakwindStorm,Protect|||M|||50|,,,,,Dark]Zacian-Crowned||RustedSword|IntrepidSword|PlayRough,behemothblade,SacredSword,Protect||||||50|,,,,,Ground]Farigiraf||SitrusBerry|ArmorTail|Imprison,TrickRoom,HelpingHand,PsychicNoise|||M|||50|,,,,,Fairy]Amoonguss||RockyHelmet|Regenerator|Spore,RagePowder,PollenPuff,Protect|||M|||50|,,,,,Water]Urshifu||ChoiceBand|UnseenFist|SuckerPunch,WickedBlow,CloseCombat,PoisonJab|||F|||50|,,,,,Poison\n|showteam|p2|Electabuzz||Eviolite|VitalSpirit|FollowMe,Electroweb,Protect,KnockOff|||M|||50|,,,,,Grass]Koraidon||CovertCloak|OrichalcumPulse|CloseCombat,FlareBlitz,Protect,FlameCharge||||||50|,,,,,Fire]Calyrex-Ice||ClearAmulet|AsOneGlastrier|GlacialLance,TrickRoom,TeraBlast,Protect||||||50|,,,,,Fire]Smeargle||FocusSash|Moody|BatonPass,Spore,FakeOut,FollowMe|||M|||50|,,,,,Grass]Torkoal||Charcoal|Drought|Eruption,HeatWave,Protect,TeraBlast|||M|||50|,,,,,Ground]Regieleki||ChoiceSpecs|Transistor|VoltSwitch,Thunderbolt,TeraBlast,ExtremeSpeed||||||50|,,,,,Ghost\n|inactive|Battle timer is ON: inactive players will automatically lose when time's up. (requested by SleepyStrawbs)\n|\n|t:|1745981266\n|start\n|switch|p1a: Bonk|Urshifu, L50, F|100/100\n|switch|p1b: Hornse|Calyrex-Shadow, L50|100/100\n|switch|p2a: Regieleki|Regieleki, L50|100/100\n|switch|p2b: Snake Dragon thing|Koraidon, L50|100/100\n|-ability|p1b: Hornse|As One\n|-ability|p1b: Hornse|Unnerve\n|-weather|SunnyDay|[from] ability: Orichalcum Pulse|[of] p2b: Snake Dragon thing\n|-activate|p2b: Snake Dragon thing|Orichalcum Pulse|[source]\n|turn|1\n|inactive|SleepyStrawbs has 30 seconds left.\n|inactive|SleepyStrawbs has 20 seconds left.\n|inactive|SleepyStrawbs has 15 seconds left.\n|inactive|DROOOOOGS has 30 seconds left.\n|\n|t:|1745981310\n|switch|p2a: Original Tiger|Electabuzz, L50, M|100/100\n|-terastallize|p2b: Snake Dragon thing|Fire\n|move|p1b: Hornse|Astral Barrage|p2a: Original Tiger|[spread] p2a,p2b\n|-damage|p2a: Original Tiger|61/100\n|-damage|p2b: Snake Dragon thing|45/100\n|move|p2b: Snake Dragon thing|Flame Charge|p1b: Hornse\n|-damage|p1b: Hornse|18/100\n|-boost|p2b: Snake Dragon thing|spe|1\n|move|p1a: Bonk|Wicked Blow|p2a: Original Tiger\n|-crit|p2a: Original Tiger\n|-damage|p2a: Original Tiger|0 fnt\n|faint|p2a: Original Tiger\n|\n|-weather|SunnyDay|[upkeep]\n|upkeep\n|\n|t:|1745981329\n|switch|p2a: Calyrex|Calyrex-Ice, L50|100/100\n|-ability|p2a: Calyrex|As One\n|-ability|p2a: Calyrex|Unnerve\n|turn|2\n|\n|t:|1745981341\n|move|p2b: Snake Dragon thing|Close Combat|p1a: Bonk\n|-supereffective|p1a: Bonk\n|-damage|p1a: Bonk|0 fnt\n|-unboost|p2b: Snake Dragon thing|def|1\n|-unboost|p2b: Snake Dragon thing|spd|1\n|faint|p1a: Bonk\n|move|p1b: Hornse|Astral Barrage|p2a: Calyrex|[spread] p2a,p2b\n|-supereffective|p2a: Calyrex\n|-damage|p2a: Calyrex|25/100\n|-damage|p2b: Snake Dragon thing|0 fnt\n|faint|p2b: Snake Dragon thing\n|-ability|p1b: Hornse|Grim Neigh|boost\n|-boost|p1b: Hornse|spa|1\n|move|p2a: Calyrex|Glacial Lance|p1b: Hornse\n|-damage|p1b: Hornse|0 fnt\n|faint|p1b: Hornse\n|-ability|p2a: Calyrex|Chilling Neigh|boost\n|-boost|p2a: Calyrex|atk|1\n|\n|-weather|SunnyDay|[upkeep]\n|upkeep\n|\n|t:|1745981359\n|switch|p1b: (he vented)|Amoonguss, L50, M|100/100\n|switch|p2b: Regieleki|Regieleki, L50|100/100\n|switch|p1a: Doge|Zacian-Crowned, L50|100/100\n|-ability|p1a: Doge|Intrepid Sword|boost\n|-boost|p1a: Doge|atk|1\n|turn|3\n|inactive|DROOOOOGS has 30 seconds left.\n|\n|t:|1745981387\n|-terastallize|p1a: Doge|Ground\n|move|p2a: Calyrex|Protect|p2a: Calyrex\n|-singleturn|p2a: Calyrex|Protect\n|move|p2b: Regieleki|Thunderbolt|p1a: Doge\n|-immune|p1a: Doge\n|move|p1a: Doge|Behemoth Blade|p2a: Calyrex\n|-activate|p2a: Calyrex|move: Protect\n|move|p1b: (he vented)|Spore|p2b: Regieleki\n|-status|p2b: Regieleki|slp|[from] move: Spore\n|\n|-weather|SunnyDay|[upkeep]\n|upkeep\n|turn|4\n|-message|DROOOOOGS forfeited.\n|raw|SleepyStrawbs's rating: 1064 &rarr; <strong>1089</strong><br />(+25 for winning)\n|raw|DROOOOOGS's rating: 1003 &rarr; <strong>1000</strong><br />(-3 for losing)\n|\n|win|SleepyStrawbs\n|l|\u2606DROOOOOGS\n|player|p2|\n|l|\u2606SleepyStrawbs\n|player|p1|\n", "uploadtime": 1745981753, "views": 6, "formatid": "gen9vgc2025regibo3", "rating": 1000, "private": 0, "password": null}