{"id": "gen9vgc2025regibo3-2354159147", "format": "[Gen 9] VGC 2025 Reg I (Bo3)", "players": ["Deadlyshirts", "GunPlusMask"], "log": "|j|\u2606Deadlyshirts\n|j|\u2606GunPlusMask\n|html|<table width=\"100%\"><tr><td align=\"left\">Deadlyshirts</td><td align=\"right\">GunPlusMask</tr><tr><td align=\"left\"><i class=\"fa fa-circle\"></i> <i class=\"fa fa-circle-o\"></i> </td><td align=\"right\"><i class=\"fa fa-circle-o\"></i> <i class=\"fa fa-circle-o\"></i> </tr></table>\n|uhtml|bestof|<h2><strong>Game 2</strong> of <a href=\"/game-bestof3-gen9vgc2025regibo3-2354156932\">a best-of-3</a></h2>\n|t:|1746040015\n|gametype|doubles\n|player|p1|Deadlyshirts|265|\n|player|p2|GunPlusMask|n|\n|teamsize|p1|6\n|teamsize|p2|6\n|gen|9\n|tier|[Gen 9] VGC 2025 Reg I (Bo3)\n|rule|Species Clause: Limit one of each Pok\u00e9mon\n|rule|Item Clause: Limit 1 of each item\n|clearpoke\n|poke|p1|Indeedee-F, L50, F|\n|poke|p1|Maushold-Four, L50|\n|poke|p1|Calyrex-Shadow, L50|\n|poke|p1|Iron Valiant, L50|\n|poke|p1|Golem-Alola, L50, F|\n|poke|p1|Armarouge, L50, F|\n|poke|p2|Ursaluna-Bloodmoon, L50, M|\n|poke|p2|Porygon2, L50|\n|poke|p2|Urshifu-*, L50, M|\n|poke|p2|Incineroar, L50, M|\n|poke|p2|Gholdengo, L50|\n|poke|p2|Miraidon, L50|\n|teampreview|4\n|showteam|p1|Indeedee-F||FocusSash|PsychicSurge|HyperVoice,FollowMe,HelpingHand,DazzlingGleam|||F|||50|,,,,,Normal]Maushold-Four||LoadedDice|Technician|BulletSeed,FollowMe,PopulationBomb,Protect||||||50|,,,,,Normal]Calyrex-Shadow||WiseGlasses|AsOneSpectrier|AstralBarrage,ExpandingForce,PollenPuff,LifeDew||||||50|,,,,,Stellar]Iron Valiant||BoosterEnergy|QuarkDrive|WideGuard,DazzlingGleam,ExpandingForce,EnergyBall||||||50|,,,,,Normal]Golem-Alola||CustapBerry|Galvanize|Explosion,DoubleEdge,GyroBall,StompingTantrum|||F|||50|,,,,,Electric]Armarouge||LifeOrb|WeakArmor|ArmorCannon,ExpandingForce,TeraBlast,WideGuard|||F|||50|,,,,,Fire\n|showteam|p2|Ursaluna-Bloodmoon||LifeOrb|MindsEye|BloodMoon,EarthPower,Moonblast,Protect|||M|||50|,,,,,Normal]Porygon2||Eviolite|Trace|TrickRoom,TriAttack,ThunderWave,IceBeam||||||50|,,,,,Ghost]Urshifu-Rapid-Strike||FocusSash|UnseenFist|CloseCombat,SurgingStrikes,IceSpinner,Protect|||M|||50|,,,,,Dark]Incineroar||AssaultVest|Intimidate|FakeOut,KnockOff,PartingShot,FlareBlitz|||M|||50|,,,,,Fire]Gholdengo||ChoiceSpecs|GoodasGold|MakeItRain,TeraBlast,ShadowBall,DazzlingGleam||||||50|,,,,,Steel]Miraidon||ChoiceScarf|HadronEngine|ElectroDrift,DragonPulse,DazzlingGleam,TeraBlast||||||50|,,,,,Fairy\n|\n|t:|1746040034\n|start\n|switch|p1a: Maushold|Maushold-Four, L50|100/100\n|switch|p1b: Armarouge|Armarouge, L50, F|100/100\n|switch|p2a: Urshifu|Urshifu-Rapid-Strike, L50, M|100/100\n|switch|p2b: Incineroar|Incineroar, L50, M, shiny|100/100\n|-ability|p2b: Incineroar|Intimidate|boost\n|-unboost|p1a: Maushold|atk|1\n|-unboost|p1b: Armarouge|atk|1\n|turn|1\n|\n|t:|1746040082\n|switch|p1b: Golem|Golem-Alola, L50, F|100/100\n|move|p1a: Maushold|Bullet Seed|p2a: Urshifu\n|-supereffective|p2a: Urshifu\n|-damage|p2a: Urshifu|88/100\n|-supereffective|p2a: Urshifu\n|-damage|p2a: Urshifu|74/100\n|-supereffective|p2a: Urshifu\n|-damage|p2a: Urshifu|62/100\n|-supereffective|p2a: Urshifu\n|-damage|p2a: Urshifu|49/100\n|-supereffective|p2a: Urshifu\n|-damage|p2a: Urshifu|35/100\n|-hitcount|p2a: Urshifu|5\n|move|p2a: Urshifu|Surging Strikes|p1b: Golem\n|-supereffective|p1b: Golem\n|-crit|p1b: Golem\n|-damage|p1b: Golem|68/100\n|-supereffective|p1b: Golem\n|-crit|p1b: Golem\n|-damage|p1b: Golem|35/100\n|-supereffective|p1b: Golem\n|-crit|p1b: Golem\n|-damage|p1b: Golem|5/100\n|-hitcount|p1b: Golem|3\n|move|p2b: Incineroar|Knock Off|p1a: Maushold\n|-damage|p1a: Maushold|14/100\n|-enditem|p1a: Maushold|Loaded Dice|[from] move: Knock Off|[of] p2b: Incineroar\n|\n|upkeep\n|turn|2\n|-enditem|p1b: Golem|Custap Berry|[eat]\n|-activate|p1b: Golem|item: Custap Berry|[consumed]\n|\n|t:|1746040111\n|move|p1a: Maushold|Protect|p1a: Maushold\n|-singleturn|p1a: Maushold|Protect\n|move|p2a: Urshifu|Protect|p2a: Urshifu\n|-singleturn|p2a: Urshifu|Protect\n|move|p1b: Golem|Explosion|p2b: Incineroar|[spread] p2b\n|-activate|p1a: Maushold|move: Protect\n|-activate|p2a: Urshifu|move: Protect\n|-damage|p2b: Incineroar|0 fnt\n|faint|p1b: Golem\n|faint|p2b: Incineroar\n|\n|upkeep\n|\n|t:|1746040128\n|switch|p2b: Gholdengo|Gholdengo, L50|100/100\n|switch|p1b: Iron Valiant|Iron Valiant, L50, shiny|100/100\n|-enditem|p1b: Iron Valiant|Booster Energy\n|-activate|p1b: Iron Valiant|ability: Quark Drive|[fromitem]\n|-start|p1b: Iron Valiant|quarkdrivespa\n|turn|3\n|\n|t:|1746040154\n|move|p1a: Maushold|Follow Me|p1a: Maushold\n|-singleturn|p1a: Maushold|move: Follow Me\n|move|p1b: Iron Valiant|Dazzling Gleam|p2a: Urshifu|[spread] p2a,p2b\n|-supereffective|p2a: Urshifu\n|-resisted|p2b: Gholdengo\n|-damage|p2a: Urshifu|0 fnt\n|-damage|p2b: Gholdengo|81/100\n|faint|p2a: Urshifu\n|move|p2b: Gholdengo|Make It Rain|p1a: Maushold|[spread] p1a,p1b\n|-supereffective|p1b: Iron Valiant\n|-damage|p1a: Maushold|0 fnt\n|-damage|p1b: Iron Valiant|0 fnt\n|-unboost|p2b: Gholdengo|spa|1\n|faint|p1a: Maushold\n|faint|p1b: Iron Valiant\n|-end|p1b: Iron Valiant|Quark Drive|[silent]\n|\n|upkeep\n|\n|t:|1746040186\n|switch|p1b: Armarouge|Armarouge, L50, F|100/100\n|switch|p2a: Miraidon|Miraidon, L50|100/100\n|-fieldstart|move: Electric Terrain|[from] ability: Hadron Engine|[of] p2a: Miraidon\n|turn|4\n|\n|t:|1746040195\n|move|p2a: Miraidon|Electro Drift|p1b: Armarouge\n|-damage|p1b: Armarouge|0 fnt\n|faint|p1b: Armarouge\n|\n|win|GunPlusMask\n|l|\u2606Deadlyshirts\n|player|p1|\n||Deadlyshirts is ready for game 3.\n||GunPlusMask is ready for game 3.\n|uhtml|next|Next: <a href=\"/battle-gen9vgc2025regibo3-2354161156\"><strong>Game 3 of 3</strong></a>\n|l|\u2606GunPlusMask\n|player|p2|\n", "uploadtime": 1746040484, "views": 7, "formatid": "gen9vgc2025regibo3", "rating": null, "private": 0, "password": null}