{"id": "gen9vgc2025regibo3-2354517863", "format": "[Gen 9] VGC 2025 Reg I (Bo3)", "players": ["Ishtype", "getsigilyph"], "log": "|j|\u2606Ishtype\n|j|\u2606getsigilyph\n|html|<table width=\"100%\"><tr><td align=\"left\">Ishtype</td><td align=\"right\">getsigilyph</tr><tr><td align=\"left\"><i class=\"fa fa-circle-o\"></i> <i class=\"fa fa-circle-o\"></i> </td><td align=\"right\"><i class=\"fa fa-circle-o\"></i> <i class=\"fa fa-circle\"></i> </tr></table>\n|uhtml|bestof|<h2><strong>Game 2</strong> of <a href=\"/game-bestof3-gen9vgc2025regibo3-2354516028\">a best-of-3</a></h2>\n|t:|1746086227\n|gametype|doubles\n|player|p1|Ishtype|cynthia-gen4|1081\n|player|p2|getsigilyph|265|1022\n|teamsize|p1|6\n|teamsize|p2|6\n|gen|9\n|tier|[Gen 9] VGC 2025 Reg I (Bo3)\n|rated|\n|rule|Species Clause: Limit one of each Pok\u00e9mon\n|rule|Item Clause: Limit 1 of each item\n|clearpoke\n|poke|p1|Incineroar, L50, F|\n|poke|p1|Rillaboom, L50, M|\n|poke|p1|Tornadus, L50, M|\n|poke|p1|Ogerpon-Wellspring, L50, F|\n|poke|p1|Calyrex-Ice, L50|\n|poke|p1|Terapagos, L50, M|\n|poke|p2|Groudon, L50|\n|poke|p2|Incineroar, L50, F|\n|poke|p2|Jumpluff, L50, F|\n|poke|p2|Raging Bolt, L50|\n|poke|p2|Lunala, L50|\n|poke|p2|Ogerpon-Hearthflame, L50, F|\n|teampreview|4\n|showteam|p1|Incineroar||SitrusBerry|Intimidate|KnockOff,FakeOut,Taunt,FlareBlitz|||F|||50|,,,,,Ghost]Rillaboom||AssaultVest|GrassySurge|WoodHammer,FakeOut,Uturn,HighHorsepower|||M|||50|,,,,,Fire]Tornadus||CovertCloak|Prankster|Taunt,BleakwindStorm,RainDance,Protect|||M|||50|,,,,,Dark]Ogerpon-Wellspring||WellspringMask|WaterAbsorb|FollowMe,IvyCudgel,HornLeech,SpikyShield|||F|||50|,,,,,Water]Calyrex-Ice||ClearAmulet|AsOneGlastrier|TrickRoom,GlacialLance,CloseCombat,Protect||||||50|,,,,,Fire]Terapagos||Leftovers|TeraShift|CalmMind,EarthPower,TeraStarstorm,Protect|||M|||50|,,,,,Stellar\n|showteam|p2|Groudon||ClearAmulet|Drought|PrecipiceBlades,SwordsDance,Protect,HeatCrash||||||50|,,,,,Fire]Incineroar||RockyHelmet|Intimidate|FakeOut,KnockOff,FlareBlitz,PartingShot|||F|||50|,,,,,Bug]Jumpluff||CovertCloak|Chlorophyll|Tailwind,Encore,SleepPowder,RagePowder|||F|||50|,,,,,Dark]Raging Bolt||AssaultVest|Protosynthesis|Thunderclap,DracoMeteor,Electroweb,Thunderbolt||||||50|,,,,,Fairy]Lunala||Leftovers|ShadowShield|MoongeistBeam,Moonblast,CalmMind,Protect||||||50|,,,,,Fairy]Ogerpon-Hearthflame||HearthflameMask|MoldBreaker|IvyCudgel,SpikyShield,FollowMe,HornLeech|||F|||50|,,,,,Fire\n|inactive|Battle timer is ON: inactive players will automatically lose when time's up. (requested by Ishtype)\n|\n|t:|1746086249\n|start\n|switch|p1a: Ogerpon|Ogerpon-Wellspring, L50, F|100/100\n|switch|p1b: Calyrex|Calyrex-Ice, L50|100/100\n|switch|p2a: Gillete|Groudon, L50|100/100\n|switch|p2b: Jumpluff|Jumpluff, L50, F, shiny|100/100\n|-ability|p1b: Calyrex|As One\n|-ability|p1b: Calyrex|Unnerve\n|-weather|SunnyDay|[from] ability: Drought|[of] p2a: Gillete\n|turn|1\n|inactive|Ishtype has 30 seconds left.\n|inactive|getsigilyph has 30 seconds left.\n|inactive|getsigilyph has 20 seconds left.\n|inactive|getsigilyph has 15 seconds left.\n|inactive|getsigilyph has 10 seconds left.\n|inactive|getsigilyph has 5 seconds left.\n|\n|t:|1746086304\n|move|p1a: Ogerpon|Follow Me|p1a: Ogerpon\n|-singleturn|p1a: Ogerpon|move: Follow Me\n|move|p2b: Jumpluff|Sleep Powder|p1a: Ogerpon\n|-immune|p1a: Ogerpon\n|move|p2a: Gillete|Heat Crash|p1a: Ogerpon\n|-damage|p1a: Ogerpon|43/100\n|move|p1b: Calyrex|Trick Room|p1b: Calyrex\n|-fieldstart|move: Trick Room|[of] p1b: Calyrex\n|\n|-weather|SunnyDay|[upkeep]\n|upkeep\n|turn|2\n|\n|t:|1746086322\n|move|p1a: Ogerpon|Follow Me|p1a: Ogerpon\n|-singleturn|p1a: Ogerpon|move: Follow Me\n|move|p1b: Calyrex|Glacial Lance|p2a: Gillete|[spread] p2a,p2b\n|-supereffective|p2a: Gillete\n|-crit|p2a: Gillete\n|-supereffective|p2b: Jumpluff\n|-damage|p2a: Gillete|0 fnt\n|-damage|p2b: Jumpluff|0 fnt\n|faint|p2a: Gillete\n|faint|p2b: Jumpluff\n|-ability|p1b: Calyrex|Chilling Neigh|boost\n|-boost|p1b: Calyrex|atk|2\n|\n|-weather|SunnyDay|[upkeep]\n|upkeep\n|-message|getsigilyph forfeited.\n|\n|win|Ishtype\n|l|\u2606getsigilyph\n|player|p2|\n||getsigilyph is ready for game 3.\n||Ishtype is ready for game 3.\n|uhtml|next|Next: <a href=\"/battle-gen9vgc2025regibo3-2354518374\"><strong>Game 3 of 3</strong></a>\n|l|\u2606Ishtype\n|player|p1|\n|j|\u2606getsigilyph\n|player|p2|getsigilyph|265|\n", "uploadtime": 1746086793, "views": 14, "formatid": "gen9vgc2025regibo3", "rating": null, "private": 0, "password": null}