{"id": "gen9vgc2025regibo3-2354467891", "format": "[Gen 9] VGC 2025 Reg I (Bo3)", "players": ["Meakashi_Shion", "LuDiCoLo D"], "log": "|j|\u2606Meakashi_Shion\n|j|\u2606LuDiCoLo D\n|html|<table width=\"100%\"><tr><td align=\"left\">Meakashi_Shion</td><td align=\"right\">LuDiCoLo D</tr><tr><td align=\"left\"><i class=\"fa fa-circle-o\"></i> <i class=\"fa fa-circle-o\"></i> </td><td align=\"right\"><i class=\"fa fa-circle-o\"></i> <i class=\"fa fa-circle-o\"></i> </tr></table>\n|uhtml|bestof|<h2><strong>Game 1</strong> of <a href=\"/game-bestof3-gen9vgc2025regibo3-2354467890\">a best-of-3</a></h2>\n|t:|1746076326\n|gametype|doubles\n|player|p1|Meakashi_Shion|hugh|1093\n|player|p2|LuDiCoLo D|102|1043\n|teamsize|p1|6\n|teamsize|p2|6\n|gen|9\n|tier|[Gen 9] VGC 2025 Reg I (Bo3)\n|rated|\n|rule|Species Clause: Limit one of each Pok\u00e9mon\n|rule|Item Clause: Limit 1 of each item\n|clearpoke\n|poke|p1|Koraidon, L50|\n|poke|p1|Ogerpon-Cornerstone, L50, F|\n|poke|p1|Flutter Mane, L50|\n|poke|p1|Terapagos, L50, M|\n|poke|p1|Rillaboom, L50, M|\n|poke|p1|Incineroar, L50, M|\n|poke|p2|Terapagos, L50, M|\n|poke|p2|Smeargle, L50, M|\n|poke|p2|Calyrex-Shadow, L50|\n|poke|p2|Urshifu-*, L50, M|\n|poke|p2|Ting-Lu, L50|\n|poke|p2|Amoonguss, L50, F|\n|teampreview|4\n|showteam|p1|Koraidon||LifeOrb|OrichalcumPulse|FlareBlitz,CloseCombat,FlameCharge,Protect||||||50|,,,,,Fire]Ogerpon-Cornerstone||CornerstoneMask|Sturdy|IvyCudgel,PowerWhip,FollowMe,SpikyShield|||F|||50|,,,,,Rock]Flutter Mane||FocusSash|Protosynthesis|Moonblast,IcyWind,ShadowBall,Protect||||||50|,,,,,Normal]Terapagos||Leftovers|TeraShift|TeraStarstorm,EarthPower,CalmMind,Protect|||M|||50|,,,,,Stellar]Rillaboom||AssaultVest|GrassySurge|WoodHammer,GrassyGlide,Uturn,FakeOut|||M|||50|,,,,,Grass]Incineroar||RockyHelmet|Intimidate|KnockOff,FakeOut,WillOWisp,PartingShot|||M|||50|,,,,,Poison\n|showteam|p2|Terapagos||ChoiceSpecs|TeraShift|TeraStarstorm,Protect,Substitute,CalmMind|||M|||50|,,,,,Stellar]Smeargle||FocusSash|OwnTempo|AstralBarrage,FollowMe,GlacialLance,Imprison|||M|||50|,,,,,Grass]Calyrex-Shadow||CovertCloak|AsOneSpectrier|AstralBarrage,NastyPlot,DrainingKiss,Protect||||||50|,,,,,Fairy]Urshifu||PunchingGlove|UnseenFist|WickedBlow,CloseCombat,SuckerPunch,Detect|||M|||50|,,,,,Poison]Ting-Lu||RockyHelmet|VesselofRuin|BodyPress,Earthquake,StealthRock,ThroatChop||||||50|,,,,,Ghost]Amoonguss||MentalHerb|EffectSpore|Spore,RagePowder,PollenPuff,Protect|||F|||50|,,,,,Water\n|inactive|Battle timer is ON: inactive players will automatically lose when time's up. (requested by Meakashi_Shion)\n|inactive|Meakashi_Shion has 60 seconds left.\n|inactive|LuDiCoLo D has 60 seconds left.\n|inactive|Meakashi_Shion has 30 seconds left.\n|l|\u2606LuDiCoLo D\n|inactive|LuDiCoLo D disconnected and has a minute to reconnect!\n|player|p2|\n|\n|t:|1746076394\n|start\n|switch|p1a: Koraidon|Koraidon, L50|100/100\n|switch|p1b: Flutter Mane|Flutter Mane, L50|100/100\n|switch|p2a: Terapagos|Terapagos, L50, M|100/100\n|switch|p2b: Amoonguss|Amoonguss, L50, F|100/100\n|-activate|p2a: Terapagos|ability: Tera Shift\n|detailschange|p2a: Terapagos|Terapagos-Terastal, L50, M\n|-heal|p2a: Terapagos|100/100|[silent]\n|-weather|SunnyDay|[from] ability: Orichalcum Pulse|[of] p1a: Koraidon\n|-activate|p1b: Flutter Mane|ability: Protosynthesis\n|-start|p1b: Flutter Mane|protosynthesisspe\n|-activate|p1a: Koraidon|Orichalcum Pulse|[source]\n|turn|1\n|j|\u2606LuDiCoLo D\n|inactive|LuDiCoLo D reconnected and has 45 seconds left.\n|player|p2|LuDiCoLo D|102|\n|inactive|Meakashi_Shion has 30 seconds left.\n|inactive|LuDiCoLo D has 30 seconds left.\n|inactive|LuDiCoLo D has 20 seconds left.\n|inactive|LuDiCoLo D has 15 seconds left.\n|inactive|LuDiCoLo D has 10 seconds left.\n|inactive|LuDiCoLo D has 5 seconds left.\n|\n|t:|1746076449\n|move|p1b: Flutter Mane|Moonblast|p2a: Terapagos\n|-activate|p2a: Terapagos|ability: Tera Shell\n|-resisted|p2a: Terapagos\n|-damage|p2a: Terapagos|84/100\n|move|p1a: Koraidon|Close Combat|p2a: Terapagos\n|-supereffective|p2a: Terapagos\n|-damage|p2a: Terapagos|0 fnt\n|-unboost|p1a: Koraidon|def|1\n|-unboost|p1a: Koraidon|spd|1\n|faint|p2a: Terapagos\n|-damage|p1a: Koraidon|91/100|[from] item: Life Orb\n|move|p2b: Amoonguss|Spore|p1b: Flutter Mane\n|-status|p1b: Flutter Mane|slp|[from] move: Spore\n|\n|-weather|SunnyDay|[upkeep]\n|upkeep\n|\n|t:|1746076468\n|switch|p2a: Calyrex|Calyrex-Shadow, L50|100/100\n|-ability|p2a: Calyrex|As One\n|-ability|p2a: Calyrex|Unnerve\n|turn|2\n|inactive|Meakashi_Shion has 30 seconds left.\n|\n|t:|1746076497\n|-terastallize|p2a: Calyrex|Fairy\n|move|p1a: Koraidon|Protect|p1a: Koraidon\n|-singleturn|p1a: Koraidon|Protect\n|cant|p1b: Flutter Mane|slp\n|move|p2a: Calyrex|Nasty Plot|p2a: Calyrex\n|-boost|p2a: Calyrex|spa|2\n|move|p2b: Amoonguss|Spore|p1a: Koraidon\n|-activate|p1a: Koraidon|move: Protect\n|\n|-weather|SunnyDay|[upkeep]\n|upkeep\n|turn|3\n|\n|t:|1746076521\n|switch|p1a: Ogerpon|Ogerpon-Cornerstone, L50, F|100/100\n|move|p2b: Amoonguss|Rage Powder|p2b: Amoonguss\n|-singleturn|p2b: Amoonguss|move: Rage Powder\n|cant|p1b: Flutter Mane|slp\n|move|p2a: Calyrex|Astral Barrage|p1a: Ogerpon|[spread] p1a,p1b\n|-supereffective|p1b: Flutter Mane\n|-ability|p1a: Ogerpon|Sturdy\n|-damage|p1a: Ogerpon|1/100\n|-enditem|p1b: Flutter Mane|Focus Sash\n|-damage|p1b: Flutter Mane|1/100 slp\n|\n|-weather|SunnyDay|[upkeep]\n|upkeep\n|turn|4\n|inactive|LuDiCoLo D has 30 seconds left.\n|inactive|LuDiCoLo D has 20 seconds left.\n|\n|t:|1746076556\n|switch|p1a: Incineroar|Incineroar, L50, M|100/100\n|-ability|p1a: Incineroar|Intimidate|boost\n|-unboost|p2a: Calyrex|atk|1\n|-unboost|p2b: Amoonguss|atk|1\n|move|p2b: Amoonguss|Protect|p2b: Amoonguss\n|-singleturn|p2b: Amoonguss|Protect\n|-curestatus|p1b: Flutter Mane|slp|[msg]\n|move|p1b: Flutter Mane|Shadow Ball|p2b: Amoonguss\n|-activate|p2b: Amoonguss|move: Protect\n|move|p2a: Calyrex|Astral Barrage|p1b: Flutter Mane|[spread] p1a,p1b\n|-resisted|p1a: Incineroar\n|-supereffective|p1b: Flutter Mane\n|-damage|p1a: Incineroar|60/100\n|-damage|p1b: Flutter Mane|0 fnt\n|faint|p1b: Flutter Mane\n|-end|p1b: Flutter Mane|Protosynthesis|[silent]\n|-ability|p2a: Calyrex|Grim Neigh|boost\n|-boost|p2a: Calyrex|spa|1\n|\n|-weather|SunnyDay|[upkeep]\n|upkeep\n|\n|t:|1746076570\n|switch|p1b: Koraidon|Koraidon, L50|91/100\n|-activate|p1b: Koraidon|ability: Orichalcum Pulse\n|turn|5\n|\n|t:|1746076590\n|-terastallize|p1b: Koraidon|Fire\n|move|p1a: Incineroar|Fake Out|p2a: Calyrex\n|-damage|p2a: Calyrex|92/100\n|move|p2b: Amoonguss|Rage Powder|p2b: Amoonguss\n|-singleturn|p2b: Amoonguss|move: Rage Powder\n|move|p1b: Koraidon|Flame Charge|p2b: Amoonguss\n|-supereffective|p2b: Amoonguss\n|-crit|p2b: Amoonguss\n|-damage|p2b: Amoonguss|0 fnt\n|-boost|p1b: Koraidon|spe|1\n|faint|p2b: Amoonguss\n|-damage|p1b: Koraidon|81/100|[from] item: Life Orb\n|move|p2a: Calyrex|Astral Barrage|p1a: Incineroar|[spread] p1a,p1b\n|-resisted|p1a: Incineroar\n|-damage|p1a: Incineroar|4/100\n|-damage|p1b: Koraidon|0 fnt\n|faint|p1b: Koraidon\n|-ability|p2a: Calyrex|Grim Neigh|boost\n|-boost|p2a: Calyrex|spa|1\n|\n|-weather|none\n|upkeep\n|-message|Meakashi_Shion forfeited.\n|\n|win|LuDiCoLo D\n||Meakashi_Shion is ready for game 2.\n|inactive|LuDiCoLo D has 30 seconds to confirm battle start!\n|inactive|LuDiCoLo D has 20 seconds to confirm battle start!\n||LuDiCoLo D is ready for game 2.\n|uhtml|next|Next: <a href=\"/battle-gen9vgc2025regibo3-2354469554\"><strong>Game 2 of 3</strong></a>\n", "uploadtime": 1746076893, "views": 6, "formatid": "gen9vgc2025regibo3", "rating": null, "private": 0, "password": null}