{"id": "gen9vgc2025regibo3-2354786824", "format": "[Gen 9] VGC 2025 Reg I (Bo3)", "players": ["DubbsPi", "blueberrymilkshake"], "log": "|j|\u2606DubbsPi\n|j|\u2606blueberrymilkshake\n|html|<table width=\"100%\"><tr><td align=\"left\">DubbsPi</td><td align=\"right\">blueberrymilkshake</tr><tr><td align=\"left\"><i class=\"fa fa-circle-o\"></i> <i class=\"fa fa-circle-o\"></i> </td><td align=\"right\"><i class=\"fa fa-circle-o\"></i> <i class=\"fa fa-circle\"></i> </tr></table>\n|uhtml|bestof|<h2><strong>Game 2</strong> of <a href=\"/game-bestof3-gen9vgc2025regibo3-2354784553\">a best-of-3</a></h2>\n|t:|1746119698\n|gametype|doubles\n|player|p1|DubbsPi|blue|1033\n|player|p2|blueberrymilkshake|iris-gen5bw2|1057\n|teamsize|p1|6\n|teamsize|p2|6\n|gen|9\n|tier|[Gen 9] VGC 2025 Reg I (Bo3)\n|rated|\n|rule|Species Clause: Limit one of each Pok\u00e9mon\n|rule|Item Clause: Limit 1 of each item\n|clearpoke\n|poke|p1|Kyogre, L50|\n|poke|p1|Calyrex-Shadow, L50|\n|poke|p1|Floatzel, L50, M|\n|poke|p1|Kilowattrel, L50, F|\n|poke|p1|Rillaboom, L50, M|\n|poke|p1|Serperior, L50, F|\n|poke|p2|Calyrex-Shadow, L50|\n|poke|p2|Chien-Pao, L50|\n|poke|p2|Urshifu-*, L50, M|\n|poke|p2|Rillaboom, L50, M|\n|poke|p2|Tornadus, L50, M|\n|poke|p2|Zamazenta-*, L50|\n|teampreview|4\n|showteam|p1|Kyogre||Leftovers|Drizzle|WaterSpout,Blizzard,IceBeam,Thunder||||||50|,,,,,Grass]Calyrex-Shadow||ChoiceSpecs|AsOneSpectrier|AstralBarrage,DarkPulse,ExpandingForce,EnergyBall||||||50|,,,,,Normal]Floatzel||LifeOrb|SwiftSwim|HydroPump,Blizzard,Snarl,IceSpinner|||M|||50|,,,,,Ice]Kilowattrel||FocusSash|WindPower|SupercellSlam,Tailwind,Hurricane,TeraBlast|||F|||50|,,,,,Ground]Rillaboom||EjectButton|GrassySurge|GrassyGlide,DrumBeating,SwordsDance,StompingTantrum|||M|||50|,,,,,Flying]Serperior||MeadowPlate|Contrary|LeafStorm,GigaDrain,Protect,TeraBlast|||F|||50|,,,,,Fire\n|showteam|p2|Calyrex-Shadow||LifeOrb|AsOneSpectrier|AstralBarrage,Psychic,NastyPlot,Protect||||||50|,,,,,Dark]Chien-Pao||FocusSash|SwordofRuin|IcicleCrash,ThroatChop,SuckerPunch,Protect||||||50|,,,,,Ghost]Urshifu-Rapid-Strike||ChoiceScarf|UnseenFist|SurgingStrikes,CloseCombat,AquaJet,Uturn|||M|||50|,,,,,Ghost]Rillaboom||AssaultVest|GrassySurge|WoodHammer,FakeOut,GrassyGlide,Uturn|||M|||50|,,,,,Water]Tornadus||CovertCloak|Prankster|BleakwindStorm,Tailwind,RainDance,Taunt|||M|||50|,,,,,Dark]Zamazenta-Crowned||RustedShield|DauntlessShield|BodyPress,HeavySlam,WideGuard,Protect||||||50|,,,,,Dragon\n|inactive|Battle timer is ON: inactive players will automatically lose when time's up. (requested by DubbsPi)\n|\n|t:|1746119721\n|start\n|switch|p1a: BadabingBadaboom|Rillaboom, L50, M|100/100\n|switch|p1b: Superior|Serperior, L50, F|100/100\n|switch|p2a: Rillaboom|Rillaboom, L50, M|100/100\n|switch|p2b: Zamazenta|Zamazenta-Crowned, L50|100/100\n|-ability|p2b: Zamazenta|Dauntless Shield|boost\n|-boost|p2b: Zamazenta|def|1\n|-fieldstart|move: Grassy Terrain|[from] ability: Grassy Surge|[of] p1a: BadabingBadaboom\n|turn|1\n|inactive|blueberrymilkshake has 30 seconds left.\n|\n|t:|1746119750\n|move|p2a: Rillaboom|Fake Out|p1b: Superior\n|-damage|p1b: Superior|82/100\n|cant|p1b: Superior|flinch\n|move|p2b: Zamazenta|Body Press|p1b: Superior\n|-damage|p1b: Superior|0 fnt\n|faint|p1b: Superior\n|move|p1a: BadabingBadaboom|Swords Dance|p1a: BadabingBadaboom\n|-boost|p1a: BadabingBadaboom|atk|2\n|\n|upkeep\n|\n|t:|1746119759\n|switch|p1b: Fishy|Kyogre, L50|100/100\n|-weather|RainDance|[from] ability: Drizzle|[of] p1b: Fishy\n|turn|2\n|\n|t:|1746119773\n|-terastallize|p2b: Zamazenta|Dragon\n|move|p2a: Rillaboom|Grassy Glide|p1b: Fishy\n|-supereffective|p1b: Fishy\n|-damage|p1b: Fishy|25/100\n|move|p2b: Zamazenta|Body Press|p1a: BadabingBadaboom\n|-damage|p1a: BadabingBadaboom|24/100\n|-enditem|p1a: BadabingBadaboom|Eject Button\n|\n|t:|1746119784\n|switch|p1a: Floaty|Floatzel, L50, M|100/100\n|move|p1b: Fishy|Ice Beam|p2a: Rillaboom\n|-supereffective|p2a: Rillaboom\n|-damage|p2a: Rillaboom|54/100\n|\n|-weather|RainDance|[upkeep]\n|-heal|p1b: Fishy|31/100|[from] Grassy Terrain\n|-heal|p1b: Fishy|36/100|[from] item: Leftovers\n|-heal|p2a: Rillaboom|60/100|[from] Grassy Terrain\n|upkeep\n|turn|3\n|inactive|DubbsPi has 30 seconds left.\n|\n|t:|1746119811\n|-terastallize|p1b: Fishy|Grass\n|move|p2a: Rillaboom|Grassy Glide|p1a: Floaty\n|-supereffective|p1a: Floaty\n|-damage|p1a: Floaty|0 fnt\n|faint|p1a: Floaty\n|move|p2b: Zamazenta|Body Press|p1b: Fishy\n|-damage|p1b: Fishy|0 fnt\n|faint|p1b: Fishy\n|\n|-weather|RainDance|[upkeep]\n|-heal|p2a: Rillaboom|66/100|[from] Grassy Terrain\n|upkeep\n|\n|t:|1746119821\n|switch|p1b: BadabingBadaboom|Rillaboom, L50, M|24/100\n|turn|4\n|c|\u2606DubbsPi|gg\n|-message|DubbsPi forfeited.\n|\n|win|blueberrymilkshake\n|raw|DubbsPi's rating: 1033 &rarr; <strong>1019</strong><br />(-14 for losing)\n|raw|blueberrymilkshake's rating: 1057 &rarr; <strong>1086</strong><br />(+29 for winning)\n|l|\u2606DubbsPi\n|player|p1|\n|l|\u2606blueberrymilkshake\n|player|p2|\n", "uploadtime": 1746120159, "views": 5, "formatid": "gen9vgc2025regibo3", "rating": 1019, "private": 0, "password": null}