{"id": "gen9vgc2025regibo3-2353702922", "format": "[Gen 9] VGC 2025 Reg I (Bo3)", "players": ["CatMaidMiller", "tzarii"], "log": "|j|\u2606CatMaidMiller\n|j|\u2606tzarii\n|html|<table width=\"100%\"><tr><td align=\"left\">CatMaidMiller</td><td align=\"right\">tzarii</tr><tr><td align=\"left\"><i class=\"fa fa-circle-o\"></i> <i class=\"fa fa-circle-o\"></i> </td><td align=\"right\"><i class=\"fa fa-circle-o\"></i> <i class=\"fa fa-circle-o\"></i> </tr></table>\n|uhtml|bestof|<h2><strong>Game 1</strong> of <a href=\"/game-bestof3-gen9vgc2025regibo3-2353702921\">a best-of-3</a></h2>\n|t:|1745985801\n|gametype|doubles\n|player|p1|CatMaidMiller|waitress-gen4|1163\n|player|p2|tzarii|lady-gen4|1161\n|teamsize|p1|6\n|teamsize|p2|6\n|gen|9\n|tier|[Gen 9] VGC 2025 Reg I (Bo3)\n|rated|\n|rule|Species Clause: Limit one of each Pok\u00e9mon\n|rule|Item Clause: Limit 1 of each item\n|clearpoke\n|poke|p1|Calyrex-Ice, L50|\n|poke|p1|Landorus, L50, M|\n|poke|p1|Amoonguss, L50, F|\n|poke|p1|Urshifu-*, L50, M|\n|poke|p1|Roaring Moon, L50|\n|poke|p1|Kyogre, L50|\n|poke|p2|Koraidon, L50|\n|poke|p2|Groudon, L50|\n|poke|p2|Flutter Mane, L50|\n|poke|p2|Scovillain, L50, M|\n|poke|p2|Rillaboom, L50, M|\n|poke|p2|Urshifu-*, L50, F|\n|teampreview|4\n|showteam|p1|Calyrex-Ice||ClearAmulet|AsOneGlastrier|GlacialLance,HighHorsepower,Protect,TrickRoom||||||50|,,,,,Fairy]Landorus||LifeOrb|SheerForce|EarthPower,SludgeBomb,SandsearStorm,Protect|||M|||50|,,,,,Water]Amoonguss||CovertCloak|Regenerator|PollenPuff,Spore,RagePowder,Protect|||F|||50|,,,,,Fairy]Urshifu-Rapid-Strike||ChoiceScarf|UnseenFist|SurgingStrikes,AquaJet,CloseCombat,Uturn|||M|||50|,,,,,Water]Roaring Moon||BoosterEnergy|Protosynthesis|KnockOff,Acrobatics,Protect,Tailwind||||||50|,,,,,Flying]Kyogre||AssaultVest|Drizzle|WaterSpout,OriginPulse,IceBeam,Thunder||||||50|,,,,,Grass\n|showteam|p2|Koraidon||ClearAmulet|OrichalcumPulse|FlameCharge,CloseCombat,FlareBlitz,Protect||||||50|,,,,,Fire]Groudon||AssaultVest|Drought|PrecipiceBlades,HeatCrash,HammerArm,HighHorsepower||||||50|,,,,,Water]Flutter Mane||FocusSash|Protosynthesis|Moonblast,IcyWind,ShadowBall,Protect||||||50|,,,,,Fairy]Scovillain||CovertCloak|Chlorophyll|Overheat,SpicyExtract,WillOWisp,ScaryFace|||M|||50|,,,,,Fire]Rillaboom||MiracleSeed|GrassySurge|FakeOut,GrassyGlide,WoodHammer,Protect|||M|||50|,,,,,Water]Urshifu||ChoiceBand|UnseenFist|WickedBlow,CloseCombat,Uturn,SuckerPunch|||F|||50|,,,,,Dark\n|\n|t:|1745985877\n|start\n|switch|p1a: Landorus|Landorus, L50, M, shiny|100/100\n|switch|p1b: Calyrex|Calyrex-Ice, L50|100/100\n|switch|p2a: Koraidon|Koraidon, L50|100/100\n|switch|p2b: Flutter Mane|Flutter Mane, L50|100/100\n|-ability|p1b: Calyrex|As One\n|-ability|p1b: Calyrex|Unnerve\n|-weather|SunnyDay|[from] ability: Orichalcum Pulse|[of] p2a: Koraidon\n|-activate|p2b: Flutter Mane|ability: Protosynthesis\n|-start|p2b: Flutter Mane|protosynthesisspe\n|-activate|p2a: Koraidon|Orichalcum Pulse|[source]\n|turn|1\n|inactive|Battle timer is ON: inactive players will automatically lose when time's up. (requested by CatMaidMiller)\n|\n|t:|1745985970\n|switch|p1a: Kyogre|Kyogre, L50, shiny|100/100\n|-weather|RainDance|[from] ability: Drizzle|[of] p1a: Kyogre\n|-end|p2b: Flutter Mane|Protosynthesis\n|-terastallize|p1b: Calyrex|Fairy\n|move|p2b: Flutter Mane|Moonblast|p1a: Kyogre\n|-damage|p1a: Kyogre|76/100\n|move|p2a: Koraidon|Close Combat|p1a: Kyogre\n|-damage|p1a: Kyogre|14/100\n|-unboost|p2a: Koraidon|def|1\n|-unboost|p2a: Koraidon|spd|1\n|move|p1b: Calyrex|Trick Room|p1b: Calyrex\n|-fieldstart|move: Trick Room|[of] p1b: Calyrex\n|\n|-weather|RainDance|[upkeep]\n|upkeep\n|turn|2\n|inactive|CatMaidMiller has 30 seconds left.\n|inactive|tzarii has 30 seconds left.\n|inactive|tzarii has 20 seconds left.\n|inactive|tzarii has 15 seconds left.\n|inactive|tzarii has 10 seconds left.\n|\n|t:|1745986016\n|switch|p1a: Landorus|Landorus, L50, M, shiny|100/100\n|move|p2a: Koraidon|Protect|p2a: Koraidon\n|-singleturn|p2a: Koraidon|Protect\n|move|p1b: Calyrex|Glacial Lance|p2b: Flutter Mane|[spread] p2b\n|-activate|p2a: Koraidon|move: Protect\n|-enditem|p2b: Flutter Mane|Focus Sash\n|-damage|p2b: Flutter Mane|1/100\n|move|p2b: Flutter Mane|Moonblast|p1a: Landorus\n|-damage|p1a: Landorus|39/100\n|\n|-weather|RainDance|[upkeep]\n|upkeep\n|turn|3\n|inactive|tzarii has 30 seconds left.\n|inactive|tzarii has 20 seconds left.\n|inactive|tzarii has 15 seconds left.\n|inactive|tzarii has 10 seconds left.\n|\n|t:|1745986063\n|switch|p2a: Urshifu|Urshifu, L50, F|100/100\n|move|p1b: Calyrex|Glacial Lance|p2b: Flutter Mane|[spread] p2a,p2b\n|-damage|p2a: Urshifu|44/100\n|-damage|p2b: Flutter Mane|0 fnt\n|faint|p2b: Flutter Mane\n|-end|p2b: Flutter Mane|Protosynthesis|[silent]\n|-ability|p1b: Calyrex|Chilling Neigh|boost\n|-boost|p1b: Calyrex|atk|1\n|move|p1a: Landorus|Sandsear Storm|p2a: Urshifu\n|-damage|p2a: Urshifu|0 fnt\n|faint|p2a: Urshifu\n|\n|-weather|RainDance|[upkeep]\n|upkeep\n|\n|t:|1745986069\n|switch|p2a: Koraidon|Koraidon, L50|100/100\n|switch|p2b: Groudon|Groudon, L50|100/100\n|-weather|SunnyDay|[from] ability: Drought|[of] p2b: Groudon\n|-activate|p2a: Koraidon|ability: Orichalcum Pulse\n|turn|4\n|inactive|CatMaidMiller has 30 seconds left.\n|inactive|tzarii has 30 seconds left.\n|inactive|tzarii has 20 seconds left.\n|inactive|tzarii has 15 seconds left.\n|inactive|tzarii has 10 seconds left.\n|\n|t:|1745986115\n|switch|p1a: Kyogre|Kyogre, L50, shiny|14/100\n|-weather|RainDance|[from] ability: Drizzle|[of] p1a: Kyogre\n|-terastallize|p2b: Groudon|Water\n|move|p2a: Koraidon|Protect|p2a: Koraidon\n|-singleturn|p2a: Koraidon|Protect\n|move|p1b: Calyrex|Glacial Lance|p2b: Groudon|[spread] p2b\n|-activate|p2a: Koraidon|move: Protect\n|-resisted|p2b: Groudon\n|-damage|p2b: Groudon|76/100\n|move|p2b: Groudon|Precipice Blades|p1b: Calyrex|[spread] p1a,p1b\n|-damage|p1a: Kyogre|0 fnt\n|-damage|p1b: Calyrex|72/100\n|faint|p1a: Kyogre\n|\n|-weather|RainDance|[upkeep]\n|upkeep\n|\n|t:|1745986127\n|switch|p1a: Landorus|Landorus, L50, M, shiny|39/100\n|turn|5\n|\n|t:|1745986141\n|move|p2a: Koraidon|Protect||[still]\n|-fail|p2a: Koraidon\n|move|p1b: Calyrex|Glacial Lance|p2b: Groudon|[spread] p2a,p2b\n|-supereffective|p2a: Koraidon\n|-resisted|p2b: Groudon\n|-crit|p2b: Groudon\n|-damage|p2a: Koraidon|0 fnt\n|-damage|p2b: Groudon|35/100\n|faint|p2a: Koraidon\n|-ability|p1b: Calyrex|Chilling Neigh|boost\n|-boost|p1b: Calyrex|atk|1\n|move|p2b: Groudon|Heat Crash|p1a: Landorus\n|-damage|p1a: Landorus|19/100\n|move|p1a: Landorus|Sandsear Storm|p2b: Groudon\n|-damage|p2b: Groudon|0 fnt\n|faint|p2b: Groudon\n|\n|win|CatMaidMiller\n||tzarii is ready for game 2.\n|inactive|CatMaidMiller has 30 seconds to confirm battle start!\n||CatMaidMiller is ready for game 2.\n|uhtml|next|Next: <a href=\"/battle-gen9vgc2025regibo3-2353705327\"><strong>Game 2 of 3</strong></a>\n", "uploadtime": 1745986444, "views": 5, "formatid": "gen9vgc2025regibo3", "rating": null, "private": 0, "password": null}