{"id": "gen9vgc2025regibo3-2354198186", "format": "[Gen 9] VGC 2025 Reg I (Bo3)", "players": ["stifu", "Pescragon 55"], "log": "|j|\u2606stifu\n|j|\u2606Pescragon 55\n|html|<table width=\"100%\"><tr><td align=\"left\">stifu</td><td align=\"right\">Pescragon 55</tr><tr><td align=\"left\"><i class=\"fa fa-circle-o\"></i> <i class=\"fa fa-circle-o\"></i> </td><td align=\"right\"><i class=\"fa fa-circle-o\"></i> <i class=\"fa fa-circle-o\"></i> </tr></table>\n|uhtml|bestof|<h2><strong>Game 1</strong> of <a href=\"/game-bestof3-gen9vgc2025regibo3-2354198185\">a best-of-3</a></h2>\n|t:|1746043762\n|gametype|doubles\n|player|p1|stifu|2|1046\n|player|p2|Pescragon 55|170|1141\n|teamsize|p1|6\n|teamsize|p2|6\n|gen|9\n|tier|[Gen 9] VGC 2025 Reg I (Bo3)\n|rated|\n|rule|Species Clause: Limit one of each Pok\u00e9mon\n|rule|Item Clause: Limit 1 of each item\n|clearpoke\n|poke|p1|Calyrex-Ice, L50|\n|poke|p1|Smeargle, L50, F|\n|poke|p1|Ursaluna, L50, F|\n|poke|p1|Indeedee-F, L50, F|\n|poke|p1|Kyogre, L50|\n|poke|p1|Ditto, L50|\n|poke|p2|Koraidon, L50|\n|poke|p2|Flutter Mane, L50|\n|poke|p2|Scream Tail, L50|\n|poke|p2|Miraidon, L50|\n|poke|p2|Glastrier, L50|\n|poke|p2|Tornadus, L50, M|\n|teampreview|4\n|showteam|p1|Calyrex-Ice||ClearAmulet|AsOneGlastrier|GlacialLance,HighHorsepower,Protect,TrickRoom||||||50|,,,,,Normal]Smeargle||FocusSash|Moody|Spore,WideGuard,FakeOut,Decorate|||F|||50|,,,,,Grass]Ursaluna||FlameOrb|Guts|Protect,Facade,HeadlongRush,Crunch|||F|||50|,,,,,Water]Indeedee-F||PsychicSeed|PsychicSurge|FollowMe,TrickRoom,HealPulse,Psychic|||F|||50|,,,,,Fairy]Kyogre||MysticWater|Drizzle|OriginPulse,IceBeam,WaterSpout,Protect||||||50|,,,,,Grass]Ditto||RoomService|Imposter|Transform||||||50|,,,,,Normal\n|showteam|p2|Koraidon||LifeOrb|OrichalcumPulse|CloseCombat,FlareBlitz,Protect,DragonClaw||||||50|,,,,,Fire]Flutter Mane||FocusSash|Protosynthesis|Protect,Moonblast,ShadowBall,IcyWind||||||50|,,,,,Normal]Scream Tail||BoosterEnergy|Protosynthesis|Encore,Disable,Protect,PerishSong||||||50|,,,,,Dark]Miraidon||Magnet|HadronEngine|VoltSwitch,ElectroDrift,DracoMeteor,Protect||||||50|,,,,,Fairy]Glastrier||AssaultVest|ChillingNeigh|IcicleCrash,CloseCombat,Crunch,HighHorsepower||||||50|,,,,,Stellar]Tornadus||AbilityShield|Prankster|Tailwind,Taunt,Protect,AirSlash|||M|||50|,,,,,Flying\n|inactive|Battle timer is ON: inactive players will automatically lose when time's up. (requested by Pescragon 55)\n|\n|t:|1746043828\n|start\n|switch|p1a: Calyrex|Calyrex-Ice, L50|100/100\n|switch|p1b: Smeargle|Smeargle, L50, F|100/100\n|switch|p2a: Koraidon|Koraidon, L50|100/100\n|switch|p2b: Miraidon|Miraidon, L50|100/100\n|-ability|p1a: Calyrex|As One\n|-ability|p1a: Calyrex|Unnerve\n|-fieldstart|move: Electric Terrain|[from] ability: Hadron Engine|[of] p2b: Miraidon\n|-weather|SunnyDay|[from] ability: Orichalcum Pulse|[of] p2a: Koraidon\n|-activate|p2a: Koraidon|Orichalcum Pulse|[source]\n|turn|1\n|inactive|Pescragon 55 has 30 seconds left.\n|inactive|Pescragon 55 has 20 seconds left.\n|inactive|Pescragon 55 has 15 seconds left.\n|inactive|Pescragon 55 has 10 seconds left.\n|\n|t:|1746043874\n|move|p1b: Smeargle|Fake Out|p2a: Koraidon\n|-damage|p2a: Koraidon|95/100\n|move|p2b: Miraidon|Electro Drift|p1b: Smeargle\n|-enditem|p1b: Smeargle|Focus Sash\n|-damage|p1b: Smeargle|1/100\n|cant|p2a: Koraidon|flinch\n|move|p1a: Calyrex|Trick Room|p1a: Calyrex\n|-fieldstart|move: Trick Room|[of] p1a: Calyrex\n|\n|-weather|SunnyDay|[upkeep]\n|-ability|p1b: Smeargle|Moody|boost\n|-boost|p1b: Smeargle|def|2\n|-unboost|p1b: Smeargle|atk|1\n|upkeep\n|turn|2\n|inactive|stifu has 30 seconds left.\n|inactive|stifu has 20 seconds left.\n|inactive|stifu has 15 seconds left.\n|\n|t:|1746043918\n|switch|p1b: Kyogre|Kyogre, L50|100/100\n|-weather|RainDance|[from] ability: Drizzle|[of] p1b: Kyogre\n|move|p1a: Calyrex|Protect|p1a: Calyrex\n|-singleturn|p1a: Calyrex|Protect\n|move|p2a: Koraidon|Protect|p2a: Koraidon\n|-singleturn|p2a: Koraidon|Protect\n|move|p2b: Miraidon|Protect||[still]\n|-fail|p2b: Miraidon\n|\n|-weather|RainDance|[upkeep]\n|upkeep\n|turn|3\n|\n|t:|1746043942\n|switch|p2a: Flutter Mane|Flutter Mane, L50|100/100\n|move|p1a: Calyrex|Glacial Lance|p2a: Flutter Mane|[spread] p2a,p2b\n|-supereffective|p2b: Miraidon\n|-enditem|p2a: Flutter Mane|Focus Sash\n|-damage|p2a: Flutter Mane|1/100\n|-damage|p2b: Miraidon|0 fnt\n|faint|p2b: Miraidon\n|-ability|p1a: Calyrex|Chilling Neigh|boost\n|-boost|p1a: Calyrex|atk|1\n|move|p1b: Kyogre|Water Spout|p2a: Flutter Mane\n|-damage|p2a: Flutter Mane|0 fnt\n|faint|p2a: Flutter Mane\n|-end|p2a: Flutter Mane|Protosynthesis|[silent]\n|\n|-weather|RainDance|[upkeep]\n|upkeep\n|\n|t:|1746043955\n|switch|p2a: Koraidon|Koraidon, L50|95/100\n|switch|p2b: Glastrier|Glastrier, L50|100/100\n|-weather|SunnyDay|[from] ability: Orichalcum Pulse|[of] p2a: Koraidon\n|-activate|p2a: Koraidon|Orichalcum Pulse|[source]\n|turn|4\n|\n|t:|1746043975\n|switch|p1b: Ursaluna|Ursaluna, L50, F|100/100\n|-terastallize|p2b: Glastrier|Stellar\n|-terastallize|p1a: Calyrex|Normal\n|move|p2a: Koraidon|Protect|p2a: Koraidon\n|-singleturn|p2a: Koraidon|Protect\n|move|p2b: Glastrier|Crunch|p1a: Calyrex\n|-damage|p1a: Calyrex|78/100\n|move|p1a: Calyrex|High Horsepower|p2a: Koraidon\n|-activate|p2a: Koraidon|move: Protect\n|\n|-weather|SunnyDay|[upkeep]\n|-status|p1b: Ursaluna|brn|[from] item: Flame Orb\n|upkeep\n|turn|5\n|inactive|Pescragon 55 has 30 seconds left.\n|\n|t:|1746044002\n|move|p2b: Glastrier|Close Combat|p1a: Calyrex\n|-supereffective|p1a: Calyrex\n|-damage|p1a: Calyrex|4/100\n|-unboost|p2b: Glastrier|def|1\n|-unboost|p2b: Glastrier|spd|1\n|move|p1b: Ursaluna|Facade|p2a: Koraidon\n|-crit|p2a: Koraidon\n|-damage|p2a: Koraidon|0 fnt\n|faint|p2a: Koraidon\n|move|p1a: Calyrex|Glacial Lance|p2b: Glastrier\n|-resisted|p2b: Glastrier\n|-damage|p2b: Glastrier|41/100\n|\n|-weather|SunnyDay|[upkeep]\n|-damage|p1b: Ursaluna|95/100 brn|[from] brn\n|-fieldend|move: Trick Room\n|-fieldend|move: Electric Terrain\n|upkeep\n|turn|6\n|-message|Pescragon 55 forfeited.\n|\n|win|stifu\n|l|\u2606Pescragon 55\n|player|p2|\n||Pescragon 55 is ready for game 2.\n||stifu is ready for game 2.\n|uhtml|next|Next: <a href=\"/battle-gen9vgc2025regibo3-2354200762\"><strong>Game 2 of 3</strong></a>\n|l|\u2606stifu\n|player|p1|\n", "uploadtime": 1746044378, "views": 6, "formatid": "gen9vgc2025regibo3", "rating": null, "private": 0, "password": null}