{"id": "gen9vgc2025regibo3-2353865922", "format": "[Gen 9] VGC 2025 Reg I (Bo3)", "players": ["aaaaaah3", "shkeda"], "log": "|j|\u2606aaaaaah3\n|j|\u2606shkeda\n|html|<table width=\"100%\"><tr><td align=\"left\">aaaaaah3</td><td align=\"right\">shkeda</tr><tr><td align=\"left\"><i class=\"fa fa-circle-o\"></i> <i class=\"fa fa-circle-o\"></i> </td><td align=\"right\"><i class=\"fa fa-circle-o\"></i> <i class=\"fa fa-circle-o\"></i> </tr></table>\n|uhtml|bestof|<h2><strong>Game 1</strong> of <a href=\"/game-bestof3-gen9vgc2025regibo3-2353865921\">a best-of-3</a></h2>\n|t:|1746012351\n|gametype|doubles\n|player|p1|aaaaaah3|170|1027\n|player|p2|shkeda|101|1025\n|teamsize|p1|6\n|teamsize|p2|6\n|gen|9\n|tier|[Gen 9] VGC 2025 Reg I (Bo3)\n|rated|\n|rule|Species Clause: Limit one of each Pok\u00e9mon\n|rule|Item Clause: Limit 1 of each item\n|clearpoke\n|poke|p1|Zacian-*, L50|\n|poke|p1|Kyogre, L50|\n|poke|p1|Rillaboom, L50, F|\n|poke|p1|Tornadus, L50, M|\n|poke|p1|Ogerpon-Cornerstone, L50, F|\n|poke|p1|Flutter Mane, L50|\n|poke|p2|Miraidon, L50|\n|poke|p2|Calyrex-Ice, L50|\n|poke|p2|Ogerpon-Cornerstone, L50, F|\n|poke|p2|Incineroar, L50, M|\n|poke|p2|Urshifu-*, L50, M|\n|poke|p2|Farigiraf, L50, F|\n|teampreview|4\n|showteam|p1|Zacian-Crowned||RustedSword|IntrepidSword|behemothblade,PlayRough,SwordsDance,Protect||||||50|,,,,,Stellar]Kyogre||MysticWater|Drizzle|WaterSpout,OriginPulse,IceBeam,Protect||||||50|,,,,,Grass]Rillaboom||AssaultVest|GrassySurge|FakeOut,WoodHammer,GrassyGlide,Uturn|||F|||50|,,,,,Fire]Tornadus||CovertCloak|Prankster|Tailwind,RainDance,BleakwindStorm,Taunt|||M|||50|,,,,,Dark]Ogerpon-Cornerstone||CornerstoneMask|Sturdy|SpikyShield,IvyCudgel,PowerWhip,FollowMe|||F|||50|,,,,,Rock]Flutter Mane||BoosterEnergy|Protosynthesis|ShadowBall,Moonblast,IcyWind,Protect||||||50|,,,,,Normal\n|showteam|p2|Miraidon||ChoiceSpecs|HadronEngine|DracoMeteor,ElectroDrift,VoltSwitch,DazzlingGleam||||||50|,,,,,Fairy]Calyrex-Ice||ClearAmulet|AsOneGlastrier|GlacialLance,HighHorsepower,TrickRoom,Protect||||||50|,,,,,Fire]Ogerpon-Cornerstone||CornerstoneMask|Sturdy|IvyCudgel,WoodHammer,FollowMe,SpikyShield|||F|||50|,,,,,Rock]Incineroar||RockyHelmet|Intimidate|KnockOff,FakeOut,PartingShot,HelpingHand|||M|||50|,,,,,Ghost]Urshifu-Rapid-Strike||FocusSash|UnseenFist|SurgingStrikes,CloseCombat,AquaJet,Protect|||M|||50|,,,,,Water]Farigiraf||ElectricSeed|ArmorTail|FoulPlay,PsychicNoise,TrickRoom,HelpingHand|||F|||50|,,,,,Water\n|inactive|Battle timer is ON: inactive players will automatically lose when time's up. (requested by aaaaaah3)\n|inactive|aaaaaah3 has 60 seconds left.\n|inactive|aaaaaah3 has 30 seconds left.\n|\n|t:|1746012427\n|start\n|switch|p1a: Kyogre|Kyogre, L50|100/100\n|switch|p1b: Rillaboom|Rillaboom, L50, F|100/100\n|switch|p2a: Farigiraf|Farigiraf, L50, F|100/100\n|switch|p2b: Calyrex|Calyrex-Ice, L50|100/100\n|-ability|p2b: Calyrex|As One\n|-ability|p2b: Calyrex|Unnerve\n|-weather|RainDance|[from] ability: Drizzle|[of] p1a: Kyogre\n|-fieldstart|move: Grassy Terrain|[from] ability: Grassy Surge|[of] p1b: Rillaboom\n|turn|1\n|inactive|aaaaaah3 has 30 seconds left.\n|\n|t:|1746012458\n|move|p2b: Calyrex|Protect|p2b: Calyrex\n|-singleturn|p2b: Calyrex|Protect\n|move|p1a: Kyogre|Water Spout|p2a: Farigiraf|[spread] p2a\n|-activate|p2b: Calyrex|move: Protect\n|-damage|p2a: Farigiraf|0 fnt\n|faint|p2a: Farigiraf\n|move|p1b: Rillaboom|Wood Hammer|p2b: Calyrex\n|-activate|p2b: Calyrex|move: Protect\n|\n|-weather|RainDance|[upkeep]\n|upkeep\n|\n|t:|1746012476\n|switch|p2a: Incineroar|Incineroar, L50, M|100/100\n|-ability|p2a: Incineroar|Intimidate|boost\n|-unboost|p1a: Kyogre|atk|1\n|-unboost|p1b: Rillaboom|atk|1\n|turn|2\n|\n|t:|1746012492\n|move|p2a: Incineroar|Fake Out|p1a: Kyogre\n|-damage|p1a: Kyogre|89/100\n|cant|p1a: Kyogre|flinch\n|move|p1b: Rillaboom|U-turn|p2b: Calyrex\n|-supereffective|p2b: Calyrex\n|-damage|p2b: Calyrex|82/100\n|\n|t:|1746012514\n|switch|p1b: Zacian|Zacian-Crowned, L50|100/100|[from] U-turn\n|-ability|p1b: Zacian|Intrepid Sword|boost\n|-boost|p1b: Zacian|atk|1\n|move|p2b: Calyrex|Trick Room|p2b: Calyrex\n|-fieldstart|move: Trick Room|[of] p2b: Calyrex\n|\n|-weather|RainDance|[upkeep]\n|-heal|p2b: Calyrex|88/100|[from] Grassy Terrain\n|-heal|p1a: Kyogre|95/100|[from] Grassy Terrain\n|upkeep\n|turn|3\n|inactive|aaaaaah3 has 30 seconds left.\n|\n|t:|1746012548\n|move|p2b: Calyrex|High Horsepower|p1b: Zacian\n|-supereffective|p1b: Zacian\n|-damage|p1b: Zacian|20/100\n|move|p2a: Incineroar|Knock Off|p1a: Kyogre\n|-damage|p1a: Kyogre|53/100\n|-enditem|p1a: Kyogre|Mystic Water|[from] move: Knock Off|[of] p2a: Incineroar\n|move|p1a: Kyogre|Origin Pulse|p2b: Calyrex|[spread] p2a,p2b\n|-supereffective|p2a: Incineroar\n|-damage|p2a: Incineroar|0 fnt\n|-damage|p2b: Calyrex|31/100\n|faint|p2a: Incineroar\n|move|p1b: Zacian|Play Rough|p2b: Calyrex\n|-damage|p2b: Calyrex|0 fnt\n|faint|p2b: Calyrex\n|\n|-weather|RainDance|[upkeep]\n|-heal|p1a: Kyogre|59/100|[from] Grassy Terrain\n|-heal|p1b: Zacian|26/100|[from] Grassy Terrain\n|upkeep\n|\n|t:|1746012562\n|switch|p2b: Miraidon|Miraidon, L50|100/100\n|-fieldstart|move: Electric Terrain|[from] ability: Hadron Engine|[of] p2b: Miraidon\n|turn|4\n|\n|t:|1746012583\n|switch|p1b: Rillaboom|Rillaboom, L50, F|100/100\n|-fieldstart|move: Grassy Terrain|[from] ability: Grassy Surge|[of] p1b: Rillaboom\n|-terastallize|p2b: Miraidon|Fairy\n|move|p1a: Kyogre|Protect|p1a: Kyogre\n|-singleturn|p1a: Kyogre|Protect\n|move|p2b: Miraidon|Dazzling Gleam|p1b: Rillaboom|[spread] p1b\n|-activate|p1a: Kyogre|move: Protect\n|-damage|p1b: Rillaboom|66/100\n|\n|-weather|RainDance|[upkeep]\n|-heal|p1b: Rillaboom|72/100|[from] Grassy Terrain\n|-heal|p1a: Kyogre|65/100|[from] Grassy Terrain\n|upkeep\n|turn|5\n|\n|t:|1746012597\n|move|p1b: Rillaboom|Wood Hammer|p2b: Miraidon\n|-damage|p2b: Miraidon|40/100\n|-damage|p1b: Rillaboom|55/100|[from] Recoil\n|move|p1a: Kyogre|Water Spout|p2b: Miraidon\n|-damage|p2b: Miraidon|0 fnt\n|faint|p2b: Miraidon\n|\n|win|aaaaaah3\n|inactive|aaaaaah3 has 30 seconds to confirm battle start!\n|inactive|shkeda has 30 seconds to confirm battle start!\n||shkeda is ready for game 2.\n||aaaaaah3 is ready for game 2.\n|uhtml|next|Next: <a href=\"/battle-gen9vgc2025regibo3-2353867884\"><strong>Game 2 of 3</strong></a>\n|l|\u2606shkeda\n|player|p2|\n", "uploadtime": 1746012796, "views": 7, "formatid": "gen9vgc2025regibo3", "rating": null, "private": 0, "password": null}