{"id": "gen9vgc2025regibo3-2354303414", "format": "[Gen 9] VGC 2025 Reg I (Bo3)", "players": ["VeganCannibal", "iamresh"], "log": "|j|\u2606VeganCannibal\n|j|\u2606iamresh\n|html|<table width=\"100%\"><tr><td align=\"left\">VeganCannibal</td><td align=\"right\">iamresh</tr><tr><td align=\"left\"><i class=\"fa fa-circle-o\"></i> <i class=\"fa fa-circle-o\"></i> </td><td align=\"right\"><i class=\"fa fa-circle-o\"></i> <i class=\"fa fa-circle-o\"></i> </tr></table>\n|uhtml|bestof|<h2><strong>Game 1</strong> of <a href=\"/game-bestof3-gen9vgc2025regibo3-2354303413\">a best-of-3</a></h2>\n|t:|1746055013\n|gametype|doubles\n|player|p1|VeganCannibal|265|1279\n|player|p2|iamresh|yancy|1197\n|teamsize|p1|6\n|teamsize|p2|6\n|gen|9\n|tier|[Gen 9] VGC 2025 Reg I (Bo3)\n|rated|\n|rule|Species Clause: Limit one of each Pok\u00e9mon\n|rule|Item Clause: Limit 1 of each item\n|clearpoke\n|poke|p1|Calyrex-Shadow, L50|\n|poke|p1|Zamazenta-*, L50|\n|poke|p1|Roaring Moon, L50|\n|poke|p1|Weezing-Galar, L50, F|\n|poke|p1|Dondozo, L50, F|\n|poke|p1|Tatsugiri-Droopy, L50, F|\n|poke|p2|Zacian-*, L50|\n|poke|p2|Lunala, L50|\n|poke|p2|Ogerpon-Hearthflame, L50, F|\n|poke|p2|Landorus, L50, M|\n|poke|p2|Roaring Moon, L50|\n|poke|p2|Pelipper, L50, M|\n|teampreview|4\n|showteam|p1|Calyrex-Shadow||FocusSash|AsOneSpectrier|AstralBarrage,Psychic,Encore,Protect||||||50|,,,,,Ghost]Zamazenta-Crowned||RustedShield|DauntlessShield|BodyPress,behemothbash,WideGuard,Imprison||||||50|,,,,,Dragon]Roaring Moon||BoosterEnergy|Protosynthesis|Protect,KnockOff,Tailwind,Taunt||||||50|,,,,,Poison]Weezing-Galar||CovertCloak|NeutralizingGas|Protect,DazzlingGleam,ToxicSpikes,Toxic|||F|||50|,,,,,Dark]Dondozo||Leftovers|Unaware|Protect,WaveCrash,OrderUp,BodyPress|||F|||50|,,,,,Grass]Tatsugiri-Droopy||SafetyGoggles|Commander|Protect,DragonPulse,Taunt,HelpingHand|||F|||50|,,,,,Poison\n|showteam|p2|Zacian-Crowned||RustedSword|IntrepidSword|behemothblade,PlayRough,TeraBlast,Protect||||||50|,,,,,Ground]Lunala||PowerHerb|ShadowShield|MeteorBeam,WideGuard,MoongeistBeam,TrickRoom||||||50|,,,,,Water]Ogerpon-Hearthflame||HearthflameMask|MoldBreaker|IvyCudgel,HornLeech,FollowMe,SpikyShield|||F|||50|,,,,,Fire]Landorus||LifeOrb|SheerForce|EarthPower,SludgeBomb,SandsearStorm,Protect|||M|||50|,,,,,Water]Roaring Moon||BoosterEnergy|Protosynthesis|Acrobatics,KnockOff,Tailwind,Protect||||||50|,,,,,Flying]Pelipper||FocusSash|Drizzle|WideGuard,Hurricane,WeatherBall,Protect|||M|||50|,,,,,Grass\n|inactive|Battle timer is ON: inactive players will automatically lose when time's up. (requested by VeganCannibal)\n|c|\u2606iamresh|oh we got the skilless player\n|inactive|VeganCannibal has 60 seconds left.\n|inactive|iamresh has 60 seconds left.\n|inactive|iamresh has 30 seconds left.\n|\n|t:|1746055081\n|start\n|switch|p1a: Weezing|Weezing-Galar, L50, F|100/100\n|switch|p1b: Calyrex|Calyrex-Shadow, L50|100/100\n|switch|p2a: Ranni|Lunala, L50|100/100\n|switch|p2b: Iji|Landorus, L50, M|100/100\n|-ability|p1a: Weezing|Neutralizing Gas\n|-ability|p1b: Calyrex|As One\n|-ability|p1b: Calyrex|Unnerve\n|turn|1\n|inactive|VeganCannibal has 30 seconds left.\n|inactive|VeganCannibal has 20 seconds left.\n|inactive|iamresh has 30 seconds left.\n|\n|t:|1746055122\n|-terastallize|p1a: Weezing|Dark\n|move|p1b: Calyrex|Astral Barrage|p2b: Iji|[spread] p2a,p2b\n|-supereffective|p2a: Ranni\n|-damage|p2a: Ranni|0 fnt\n|-damage|p2b: Iji|45/100\n|faint|p2a: Ranni\n|-ability|p1b: Calyrex|Grim Neigh|boost\n|-boost|p1b: Calyrex|spa|1\n|move|p2b: Iji|Earth Power|p1a: Weezing\n|-damage|p1a: Weezing|39/100\n|-damage|p2b: Iji|35/100|[from] item: Life Orb\n|move|p1a: Weezing|Toxic|p2b: Iji\n|-status|p2b: Iji|tox\n|\n|-damage|p2b: Iji|29/100 tox|[from] psn\n|upkeep\n|c|\u2606iamresh|should have known brainless players always click spread move lmao\n|-message|iamresh forfeited.\n|raw|VeganCannibal's rating: 1279 &rarr; <strong>1298</strong><br />(+19 for winning)\n|raw|iamresh's rating: 1197 &rarr; <strong>1178</strong><br />(-19 for losing)\n|\n|win|VeganCannibal\n|l|\u2606iamresh\n|player|p2|\n", "uploadtime": 1746055154, "views": 14, "formatid": "gen9vgc2025regibo3", "rating": 1178, "private": 0, "password": null}