{"id": "gen9vgc2025regibo3-2353891254", "format": "[Gen 9] VGC 2025 Reg I (Bo3)", "players": ["rafe_model_k", "corndog7"], "log": "|j|\u2606rafe_model_k\n|j|\u2606corndog7\n|html|<table width=\"100%\"><tr><td align=\"left\">rafe_model_k</td><td align=\"right\">corndog7</tr><tr><td align=\"left\"><i class=\"fa fa-circle-o\"></i> <i class=\"fa fa-circle-o\"></i> </td><td align=\"right\"><i class=\"fa fa-circle-o\"></i> <i class=\"fa fa-circle-o\"></i> </tr></table>\n|uhtml|bestof|<h2><strong>Game 1</strong> of <a href=\"/game-bestof3-gen9vgc2025regibo3-2353891252\">a best-of-3</a></h2>\n|t:|1746015625\n|gametype|doubles\n|player|p1|rafe_model_k|1|1199\n|player|p2|corndog7|265|1291\n|teamsize|p1|6\n|teamsize|p2|6\n|gen|9\n|tier|[Gen 9] VGC 2025 Reg I (Bo3)\n|rated|\n|rule|Species Clause: Limit one of each Pok\u00e9mon\n|rule|Item Clause: Limit 1 of each item\n|clearpoke\n|poke|p1|Groudon, L50|\n|poke|p1|Koraidon, L50|\n|poke|p1|Raging Bolt, L50|\n|poke|p1|Brute Bonnet, L50|\n|poke|p1|Flutter Mane, L50|\n|poke|p1|Chi-Yu, L50|\n|poke|p2|Miraidon, L50|\n|poke|p2|Farigiraf, L50, F|\n|poke|p2|Iron Hands, L50|\n|poke|p2|Ho-Oh, L50|\n|poke|p2|Ogerpon-Hearthflame, L50, F|\n|poke|p2|Chien-Pao, L50|\n|teampreview|4\n|showteam|p1|Groudon||AssaultVest|Drought|FirePunch,Crunch,HammerArm,PrecipiceBlades||||||50|,,,,,Fire]Koraidon||ClearAmulet|OrichalcumPulse|CloseCombat,FlareBlitz,FlameCharge,Protect||||||50|,,,,,Fire]Raging Bolt||LifeOrb|Protosynthesis|Thunderbolt,Thunderclap,DracoMeteor,Protect||||||50|,,,,,Electric]Brute Bonnet||SitrusBerry|Protosynthesis|SuckerPunch,LashOut,RagePowder,Spore||||||50|,,,,,Water]Flutter Mane||FocusSash|Protosynthesis|Protect,DazzlingGleam,ShadowBall,IcyWind||||||50|,,,,,Fairy]Chi-Yu||ChoiceScarf|BeadsofRuin|HeatWave,Flamethrower,Psychic,DarkPulse||||||50|,,,,,Ghost\n|showteam|p2|Miraidon||ChoiceSpecs|HadronEngine|ElectroDrift,DracoMeteor,DazzlingGleam,VoltSwitch||||||50|,,,,,Fairy]Farigiraf||ThroatSpray|ArmorTail|HyperVoice,PsychicNoise,TrickRoom,Protect|||F|||50|,,,,,Fairy]Iron Hands||AssaultVest|QuarkDrive|FakeOut,DrainPunch,LowKick,HeavySlam||||||50|,,,,,Water]Ho-Oh||ClearAmulet|Regenerator|SacredFire,BraveBird,Tailwind,Protect||||||50|,,,,,Grass]Ogerpon-Hearthflame||HearthflameMask|MoldBreaker|IvyCudgel,WoodHammer,FollowMe,SpikyShield|||F|||50|,,,,,Fire]Chien-Pao||FocusSash|SwordofRuin|IcicleCrash,SacredSword,SuckerPunch,Protect||||||50|,,,,,Ghost\n|inactive|Battle timer is ON: inactive players will automatically lose when time's up. (requested by corndog7)\n|inactive|rafe_model_k has 60 seconds left.\n|inactive|corndog7 has 60 seconds left.\n|inactive|corndog7 has 30 seconds left.\n|\n|t:|1746015689\n|start\n|switch|p1a: Groudon|Groudon, L50|100/100\n|switch|p1b: Chi-Yu|Chi-Yu, L50|100/100\n|switch|p2a: Miraidon|Miraidon, L50|100/100\n|switch|p2b: Ho-Oh|Ho-Oh, L50|100/100\n|-ability|p1b: Chi-Yu|Beads of Ruin\n|-fieldstart|move: Electric Terrain|[from] ability: Hadron Engine|[of] p2a: Miraidon\n|-weather|SunnyDay|[from] ability: Drought|[of] p1a: Groudon\n|turn|1\n|inactive|rafe_model_k has 30 seconds left.\n|inactive|corndog7 has 30 seconds left.\n|inactive|rafe_model_k has 20 seconds left.\n|inactive|rafe_model_k has 15 seconds left.\n|inactive|rafe_model_k has 10 seconds left.\n|inactive|rafe_model_k has 5 seconds left.\n|\n|t:|1746015742\n|switch|p1b: Brute Bonnet|Brute Bonnet, L50|100/100\n|-activate|p1b: Brute Bonnet|ability: Protosynthesis\n|-start|p1b: Brute Bonnet|protosynthesisdef\n|move|p2a: Miraidon|Volt Switch|p1b: Brute Bonnet\n|-resisted|p1b: Brute Bonnet\n|-damage|p1b: Brute Bonnet|68/100\n|\n|t:|1746015750\n|switch|p2a: Ogerpon|Ogerpon-Hearthflame, L50, F|100/100|[from] Volt Switch\n|-ability|p2a: Ogerpon|Mold Breaker\n|move|p2b: Ho-Oh|Tailwind|p2b: Ho-Oh\n|-sidestart|p2: corndog7|move: Tailwind\n|move|p1a: Groudon|Precipice Blades|p2b: Ho-Oh|[spread] p2a\n|-immune|p2b: Ho-Oh\n|-damage|p2a: Ogerpon|48/100\n|\n|-weather|SunnyDay|[upkeep]\n|upkeep\n|turn|2\n|inactive|rafe_model_k has 30 seconds left.\n|inactive|rafe_model_k has 20 seconds left.\n|inactive|rafe_model_k has 15 seconds left.\n|\n|t:|1746015792\n|-terastallize|p2a: Ogerpon|Fire\n|detailschange|p2a: Ogerpon|Ogerpon-Hearthflame-Tera, L50, F, tera:Fire\n|-ability|p2a: Ogerpon|Embody Aspect (Hearthflame)|boost\n|-boost|p2a: Ogerpon|atk|1\n|-terastallize|p1b: Brute Bonnet|Water\n|move|p1b: Brute Bonnet|Rage Powder|p1b: Brute Bonnet\n|-singleturn|p1b: Brute Bonnet|move: Rage Powder\n|move|p2a: Ogerpon|Ivy Cudgel|p1b: Brute Bonnet|[anim] Ivy Cudgel Fire\n|-resisted|p1b: Brute Bonnet\n|-damage|p1b: Brute Bonnet|22/100\n|-enditem|p1b: Brute Bonnet|Sitrus Berry|[eat]\n|-heal|p1b: Brute Bonnet|47/100|[from] item: Sitrus Berry\n|move|p2b: Ho-Oh|Sacred Fire|p1b: Brute Bonnet\n|-resisted|p1b: Brute Bonnet\n|-damage|p1b: Brute Bonnet|25/100\n|move|p1a: Groudon|Precipice Blades|p2a: Ogerpon|[spread] p2a\n|-immune|p2b: Ho-Oh\n|-supereffective|p2a: Ogerpon\n|-damage|p2a: Ogerpon|0 fnt\n|faint|p2a: Ogerpon\n|\n|-weather|SunnyDay|[upkeep]\n|upkeep\n|\n|t:|1746015804\n|switch|p2a: Miraidon|Miraidon, L50|100/100\n|-activate|p2a: Miraidon|ability: Hadron Engine\n|turn|3\n|\n|t:|1746015828\n|switch|p1a: Raging Bolt|Raging Bolt, L50|100/100\n|-activate|p1a: Raging Bolt|ability: Protosynthesis\n|-start|p1a: Raging Bolt|protosynthesisspa\n|move|p1b: Brute Bonnet|Sucker Punch|p2a: Miraidon\n|-damage|p2a: Miraidon|73/100\n|move|p2a: Miraidon|Dazzling Gleam|p1a: Raging Bolt|[spread] p1a,p1b\n|-supereffective|p1a: Raging Bolt\n|-damage|p1a: Raging Bolt|23/100\n|-damage|p1b: Brute Bonnet|0 fnt\n|faint|p1b: Brute Bonnet\n|-end|p1b: Brute Bonnet|Protosynthesis|[silent]\n|move|p2b: Ho-Oh|Sacred Fire|p1a: Raging Bolt\n|-resisted|p1a: Raging Bolt\n|-damage|p1a: Raging Bolt|0 fnt\n|faint|p1a: Raging Bolt\n|-end|p1a: Raging Bolt|Protosynthesis|[silent]\n|\n|-weather|SunnyDay|[upkeep]\n|upkeep\n|\n|t:|1746015843\n|switch|p1a: Groudon|Groudon, L50|100/100\n|switch|p1b: Chi-Yu|Chi-Yu, L50|100/100\n|-ability|p1b: Chi-Yu|Beads of Ruin\n|turn|4\n|\n|t:|1746015850\n|move|p2a: Miraidon|Dazzling Gleam|p1a: Groudon|[spread] p1a,p1b\n|-damage|p1a: Groudon|71/100\n|-damage|p1b: Chi-Yu|50/100\n|move|p1b: Chi-Yu|Dark Pulse|p2b: Ho-Oh\n|-damage|p2b: Ho-Oh|66/100\n|move|p2b: Ho-Oh|Sacred Fire|p1a: Groudon\n|-damage|p1a: Groudon|15/100\n|-status|p1a: Groudon|brn\n|move|p1a: Groudon|Precipice Blades|p2b: Ho-Oh|[spread] \n|-immune|p2b: Ho-Oh\n|-miss|p1a: Groudon|p2a: Miraidon\n|\n|-weather|SunnyDay|[upkeep]\n|-damage|p1a: Groudon|9/100 brn|[from] brn\n|-sideend|p2: corndog7|move: Tailwind\n|upkeep\n|turn|5\n|\n|t:|1746015869\n|move|p1b: Chi-Yu|Dark Pulse|p2a: Miraidon\n|-damage|p2a: Miraidon|23/100\n|move|p2a: Miraidon|Dazzling Gleam|p1b: Chi-Yu|[spread] p1a,p1b\n|-damage|p1a: Groudon|0 fnt\n|-damage|p1b: Chi-Yu|0 fnt\n|faint|p1a: Groudon\n|faint|p1b: Chi-Yu\n|\n|win|corndog7\n||corndog7 is ready for game 2.\n||rafe_model_k is ready for game 2.\n|uhtml|next|Next: <a href=\"/battle-gen9vgc2025regibo3-2353893254\"><strong>Game 2 of 3</strong></a>\n|l|\u2606corndog7\n|player|p2|\n", "uploadtime": 1746015869, "views": 6, "formatid": "gen9vgc2025regibo3", "rating": null, "private": 0, "password": null}