{"id": "gen9vgc2025regibo3-2353463894", "format": "[Gen 9] VGC 2025 Reg I (Bo3)", "players": ["steeltrainer", "caevz027"], "log": "|j|\u2606steeltrainer\n|j|\u2606caevz027\n|html|<table width=\"100%\"><tr><td align=\"left\">steeltrainer</td><td align=\"right\">caevz027</tr><tr><td align=\"left\"><i class=\"fa fa-circle\"></i> <i class=\"fa fa-circle-o\"></i> </td><td align=\"right\"><i class=\"fa fa-circle-o\"></i> <i class=\"fa fa-circle\"></i> </tr></table>\n|uhtml|bestof|<h2><strong>Game 3</strong> of <a href=\"/game-bestof3-gen9vgc2025regibo3-2353460355\">a best-of-3</a></h2>\n|t:|1745958288\n|gametype|doubles\n|player|p1|steeltrainer|steven|1101\n|player|p2|caevz027|169|1088\n|teamsize|p1|6\n|teamsize|p2|6\n|gen|9\n|tier|[Gen 9] VGC 2025 Reg I (Bo3)\n|rated|\n|rule|Species Clause: Limit one of each Pok\u00e9mon\n|rule|Item Clause: Limit 1 of each item\n|clearpoke\n|poke|p1|Zamazenta-*, L50|\n|poke|p1|Chien-Pao, L50|\n|poke|p1|Dragonite, L50, M|\n|poke|p1|Calyrex-Shadow, L50|\n|poke|p1|Tornadus, L50, M|\n|poke|p1|Ogerpon-Hearthflame, L50, F|\n|poke|p2|Kyogre, L50|\n|poke|p2|Zamazenta-*, L50|\n|poke|p2|Urshifu-*, L50, M|\n|poke|p2|Amoonguss, L50, M|\n|poke|p2|Tornadus, L50, M|\n|poke|p2|Iron Hands, L50|\n|teampreview|4\n|showteam|p1|Zamazenta-Crowned||RustedShield|DauntlessShield|BodyPress,behemothbash,WideGuard,Protect||||||50|,,,,,Dragon]Chien-Pao||FocusSash|SwordofRuin|IceSpinner,ThroatChop,SuckerPunch,Protect||||||50|,,,,,Ghost]Dragonite||ChoiceBand|InnerFocus|Outrage,ExtremeSpeed,AerialAce,LowKick|||M|||50|,,,,,Normal]Calyrex-Shadow||SpellTag|AsOneSpectrier|AstralBarrage,ShadowBall,PollenPuff,Protect||||||50|,,,,,Dark]Tornadus||CovertCloak|Prankster|BleakwindStorm,RainDance,Tailwind,Taunt|||M|||50|,,,,,Dark]Ogerpon-Hearthflame||HearthflameMask|MoldBreaker|IvyCudgel,HelpingHand,FollowMe,SpikyShield|||F|||50|,,,,,Fire\n|showteam|p2|Kyogre||MysticWater|Drizzle|WaterSpout,OriginPulse,IceBeam,Protect||||||50|,,,,,Grass]Zamazenta-Crowned||RustedShield|DauntlessShield|behemothbash,BodyPress,WideGuard,Protect||||||50|,,,,,Dragon]Urshifu-Rapid-Strike||FocusSash|UnseenFist|SurgingStrikes,CloseCombat,AquaJet,Protect|||M|||50|,,,,,Stellar]Amoonguss||RockyHelmet|Regenerator|Spore,RagePowder,SludgeBomb,Protect|||M|||50|,,,,,Water]Tornadus||CovertCloak|Prankster|BleakwindStorm,Tailwind,Taunt,RainDance|||M|||50|,,,,,Dark]Iron Hands||AssaultVest|QuarkDrive|FakeOut,LowKick,WildCharge,DrainPunch||||||50|,,,,,Grass\n|\n|t:|1745958305\n|start\n|switch|p1a: Chien-Pao|Chien-Pao, L50|100/100\n|switch|p1b: Dragonite|Dragonite, L50, M|100/100\n|switch|p2a: Tornadus|Tornadus, L50, M|100/100\n|switch|p2b: Urshifu|Urshifu-Rapid-Strike, L50, M|100/100\n|-ability|p1a: Chien-Pao|Sword of Ruin\n|turn|1\n|\n|t:|1745958320\n|-terastallize|p1b: Dragonite|Normal\n|move|p1b: Dragonite|Extreme Speed|p2b: Urshifu\n|-damage|p2b: Urshifu|6/100\n|move|p1a: Chien-Pao|Sucker Punch|p2b: Urshifu\n|-resisted|p2b: Urshifu\n|-damage|p2b: Urshifu|0 fnt\n|faint|p2b: Urshifu\n|move|p2a: Tornadus|Tailwind|p2a: Tornadus\n|-sidestart|p2: caevz027|move: Tailwind\n|\n|upkeep\n|\n|t:|1745958330\n|switch|p2b: Kyogre|Kyogre, L50|100/100\n|-weather|RainDance|[from] ability: Drizzle|[of] p2b: Kyogre\n|turn|2\n|\n|t:|1745958337\n|move|p1b: Dragonite|Extreme Speed|p2a: Tornadus\n|-damage|p2a: Tornadus|0 fnt\n|faint|p2a: Tornadus\n|move|p1a: Chien-Pao|Sucker Punch|p2b: Kyogre\n|-damage|p2b: Kyogre|61/100\n|move|p2b: Kyogre|Origin Pulse|p1b: Dragonite|[spread] p1a\n|-miss|p2b: Kyogre|p1b: Dragonite\n|-enditem|p1a: Chien-Pao|Focus Sash\n|-damage|p1a: Chien-Pao|1/100\n|\n|-weather|RainDance|[upkeep]\n|upkeep\n|\n|t:|1745958348\n|switch|p2a: Zamazenta|Zamazenta-Crowned, L50|100/100\n|-ability|p2a: Zamazenta|Dauntless Shield|boost\n|-boost|p2a: Zamazenta|def|1\n|turn|3\n|\n|t:|1745958355\n|switch|p1b: Calyrex|Calyrex-Shadow, L50|100/100\n|-ability|p1b: Calyrex|As One\n|-ability|p1b: Calyrex|Unnerve\n|move|p2b: Kyogre|Protect|p2b: Kyogre\n|-singleturn|p2b: Kyogre|Protect\n|move|p1a: Chien-Pao|Sucker Punch||[still]\n|-fail|p1a: Chien-Pao\n|move|p2a: Zamazenta|Behemoth Bash|p1a: Chien-Pao\n|-supereffective|p1a: Chien-Pao\n|-damage|p1a: Chien-Pao|0 fnt\n|faint|p1a: Chien-Pao\n|\n|-weather|RainDance|[upkeep]\n|upkeep\n|\n|t:|1745958366\n|switch|p1a: Dragonite|Dragonite, L50, M, tera:Normal|100/100\n|turn|4\n|\n|t:|1745958374\n|move|p1a: Dragonite|Extreme Speed|p2b: Kyogre\n|-damage|p2b: Kyogre|0 fnt\n|faint|p2b: Kyogre\n|move|p2a: Zamazenta|Behemoth Bash|p1b: Calyrex\n|-damage|p1b: Calyrex|57/100\n|move|p1b: Calyrex|Astral Barrage|p2a: Zamazenta\n|-damage|p2a: Zamazenta|42/100\n|\n|-weather|RainDance|[upkeep]\n|-sideend|p2: caevz027|move: Tailwind\n|upkeep\n|turn|5\n|-message|caevz027 forfeited.\n|\n|win|steeltrainer\n|raw|steeltrainer's rating: 1101 &rarr; <strong>1125</strong><br />(+24 for winning)\n|raw|caevz027's rating: 1088 &rarr; <strong>1066</strong><br />(-22 for losing)\n|l|\u2606caevz027\n|player|p2|\n", "uploadtime": 1745958385, "views": 22, "formatid": "gen9vgc2025regibo3", "rating": 1066, "private": 0, "password": null}