{"id": "gen9vgc2025regibo3-2354929652", "format": "[Gen 9] VGC 2025 Reg I (Bo3)", "players": ["drewpac19", "Playest011"], "log": "|j|\u2606drewpac19\n|j|\u2606Playest011\n|html|<table width=\"100%\"><tr><td align=\"left\">drewpac19</td><td align=\"right\">Playest011</tr><tr><td align=\"left\"><i class=\"fa fa-circle-o\"></i> <i class=\"fa fa-circle-o\"></i> </td><td align=\"right\"><i class=\"fa fa-circle-o\"></i> <i class=\"fa fa-circle-o\"></i> </tr></table>\n|uhtml|bestof|<h2><strong>Game 1</strong> of <a href=\"/game-bestof3-gen9vgc2025regibo3-2354929649\">a best-of-3</a></h2>\n|t:|1746132782\n|gametype|doubles\n|player|p1|drewpac19|101|1100\n|player|p2|Playest011|infielder|1027\n|teamsize|p1|6\n|teamsize|p2|6\n|gen|9\n|tier|[Gen 9] VGC 2025 Reg I (Bo3)\n|rated|\n|rule|Species Clause: Limit one of each Pok\u00e9mon\n|rule|Item Clause: Limit 1 of each item\n|clearpoke\n|poke|p1|Calyrex-Shadow, L50|\n|poke|p1|Incineroar, L50, M|\n|poke|p1|Grimmsnarl, L50, M|\n|poke|p1|Dragonite, L50, F|\n|poke|p1|Zamazenta-*, L50|\n|poke|p1|Indeedee-F, L50, F|\n|poke|p2|Zacian-*, L50|\n|poke|p2|Calyrex-Ice, L50|\n|poke|p2|Pelipper, L50, M|\n|poke|p2|Urshifu-*, L50, F|\n|poke|p2|Raging Bolt, L50|\n|poke|p2|Ogerpon-Cornerstone, L50, F|\n|teampreview|4\n|showteam|p1|Calyrex-Shadow||SpellTag|AsOneSpectrier|AstralBarrage,ExpandingForce,EnergyBall,Protect||||||50|,,,,,Normal]Incineroar||SafetyGoggles|Intimidate|KnockOff,WillOWisp,FlareBlitz,FakeOut|||M|||50|,,,,,Ghost]Grimmsnarl||LightClay|Prankster|Reflect,LightScreen,ThunderWave,SpiritBreak|||M|||50|,,,,,Grass]Dragonite||ChoiceBand|Multiscale|ExtremeSpeed,Earthquake,DragonClaw,AquaJet|||F|||50|,,,,,Normal]Zamazenta-Crowned||RustedShield|DauntlessShield|BodyPress,behemothbash,Crunch,WideGuard||||||50|,,,,,Fighting]Indeedee-F||RockyHelmet|PsychicSurge|DazzlingGleam,HelpingHand,FollowMe,TrickRoom|||F|||50|,,,,,Fairy\n|showteam|p2|Zacian-Crowned||RustedSword|IntrepidSword|Protect,PlayRough,SacredSword,behemothblade||||||50|,,,,,Dragon]Calyrex-Ice||ClearAmulet|AsOneGlastrier|Protect,TrickRoom,HighHorsepower,GlacialLance||||||50|,,,,,Water]Pelipper||FocusSash|Drizzle|Protect,Hurricane,WeatherBall,WideGuard|||M|||50|,,,,,Ghost]Urshifu-Rapid-Strike||ChoiceScarf|UnseenFist|SurgingStrikes,CloseCombat,Coaching,Uturn|||F|||50|,,,,,Ghost]Raging Bolt||BoosterEnergy|Protosynthesis|Protect,Thunderbolt,Thunderclap,DracoMeteor||||||50|,,,,,Fairy]Ogerpon-Cornerstone||CornerstoneMask|Sturdy|SpikyShield,FollowMe,WoodHammer,IvyCudgel|||F|||50|,,,,,Rock\n|inactive|Battle timer is ON: inactive players will automatically lose when time's up. (requested by Playest011)\n|\n|t:|1746132801\n|start\n|switch|p1a: Grimmsnarl|Grimmsnarl, L50, M|100/100\n|switch|p1b: Zamazenta|Zamazenta-Crowned, L50|100/100\n|switch|p2a: Calyrex|Calyrex-Ice, L50|100/100\n|switch|p2b: Pelipper|Pelipper, L50, M|100/100\n|-ability|p2a: Calyrex|As One\n|-ability|p2a: Calyrex|Unnerve\n|-ability|p1b: Zamazenta|Dauntless Shield|boost\n|-boost|p1b: Zamazenta|def|1\n|-weather|RainDance|[from] ability: Drizzle|[of] p2b: Pelipper\n|turn|1\n|\n|t:|1746132823\n|-terastallize|p2a: Calyrex|Water\n|move|p1a: Grimmsnarl|Reflect|p1a: Grimmsnarl\n|-sidestart|p1: drewpac19|Reflect\n|move|p1b: Zamazenta|Behemoth Bash|p2a: Calyrex\n|-resisted|p2a: Calyrex\n|-damage|p2a: Calyrex|88/100\n|move|p2b: Pelipper|Weather Ball|p1b: Zamazenta\n|-damage|p1b: Zamazenta|61/100\n|move|p2a: Calyrex|High Horsepower|p1b: Zamazenta\n|-supereffective|p1b: Zamazenta\n|-damage|p1b: Zamazenta|37/100\n|\n|-weather|RainDance|[upkeep]\n|upkeep\n|turn|2\n|\n|t:|1746132842\n|move|p1a: Grimmsnarl|Thunder Wave|p2a: Calyrex\n|-status|p2a: Calyrex|par\n|move|p1b: Zamazenta|Body Press|p2a: Calyrex\n|-damage|p2a: Calyrex|57/100 par\n|move|p2b: Pelipper|Weather Ball|p1b: Zamazenta\n|-damage|p1b: Zamazenta|0 fnt\n|faint|p1b: Zamazenta\n|move|p2a: Calyrex|Glacial Lance|p1a: Grimmsnarl\n|-damage|p1a: Grimmsnarl|48/100\n|\n|-weather|RainDance|[upkeep]\n|upkeep\n|\n|t:|1746132850\n|switch|p1b: Incineroar|Incineroar, L50, M|100/100\n|-ability|p1b: Incineroar|Intimidate|boost\n|-fail|p2a: Calyrex|unboost|[from] item: Clear Amulet|[of] p2a: Calyrex\n|-unboost|p2b: Pelipper|atk|1\n|turn|3\n|\n|t:|1746132862\n|move|p2b: Pelipper|Protect|p2b: Pelipper\n|-singleturn|p2b: Pelipper|Protect\n|move|p2a: Calyrex|Protect|p2a: Calyrex\n|-singleturn|p2a: Calyrex|Protect\n|move|p1a: Grimmsnarl|Thunder Wave|p2b: Pelipper\n|-activate|p2b: Pelipper|move: Protect\n|move|p1b: Incineroar|Knock Off|p2b: Pelipper\n|-activate|p2b: Pelipper|move: Protect\n|\n|-weather|RainDance|[upkeep]\n|upkeep\n|turn|4\n|\n|t:|1746132875\n|move|p2b: Pelipper|Weather Ball|p1b: Incineroar\n|-supereffective|p1b: Incineroar\n|-damage|p1b: Incineroar|0 fnt\n|faint|p1b: Incineroar\n|move|p1a: Grimmsnarl|Spirit Break|p2b: Pelipper\n|-damage|p2b: Pelipper|61/100\n|-unboost|p2b: Pelipper|spa|1\n|move|p2a: Calyrex|Glacial Lance|p1a: Grimmsnarl\n|-damage|p1a: Grimmsnarl|0 fnt\n|faint|p1a: Grimmsnarl\n|-ability|p2a: Calyrex|Chilling Neigh|boost\n|-boost|p2a: Calyrex|atk|1\n|\n|-weather|RainDance|[upkeep]\n|upkeep\n|\n|t:|1746132880\n|switch|p1b: Calyrex|Calyrex-Shadow, L50|100/100\n|-ability|p1b: Calyrex|As One\n|-ability|p1b: Calyrex|Unnerve\n|turn|5\n|\n|t:|1746132894\n|move|p2b: Pelipper|Wide Guard|p2b: Pelipper\n|-singleturn|p2b: Pelipper|Wide Guard\n|move|p1b: Calyrex|Energy Ball|p2a: Calyrex\n|-supereffective|p2a: Calyrex\n|-damage|p2a: Calyrex|9/100 par\n|move|p2a: Calyrex|Glacial Lance|p1b: Calyrex\n|-damage|p1b: Calyrex|18/100\n|\n|-weather|none\n|upkeep\n|turn|6\n|\n|t:|1746132909\n|move|p2b: Pelipper|Wide Guard|p2b: Pelipper\n|-singleturn|p2b: Pelipper|Wide Guard\n|move|p1b: Calyrex|Astral Barrage|p2b: Pelipper|[spread] \n|-activate|p2a: Calyrex|move: Wide Guard\n|-activate|p2b: Pelipper|move: Wide Guard\n|move|p2a: Calyrex|Glacial Lance|p1b: Calyrex\n|-damage|p1b: Calyrex|0 fnt\n|faint|p1b: Calyrex\n|\n|win|Playest011\n||drewpac19 is ready for game 2.\n||Playest011 is ready for game 2.\n|uhtml|next|Next: <a href=\"/battle-gen9vgc2025regibo3-2354931019\"><strong>Game 2 of 3</strong></a>\n|l|\u2606Playest011\n|player|p2|\n|l|\u2606drewpac19\n|player|p1|\n|j|\u2606Playest011\n|player|p2|Playest011|infielder|\n", "uploadtime": 1746133227, "views": 5, "formatid": "gen9vgc2025regibo3", "rating": null, "private": 0, "password": null}