{"id": "gen9vgc2025regibo3-2354696675", "format": "[Gen 9] VGC 2025 Reg I (Bo3)", "players": ["larry3323", "pantsuit"], "log": "|j|\u203dlarry3323\n|j|\u2606pantsuit\n|html|<table width=\"100%\"><tr><td align=\"left\">larry3323</td><td align=\"right\">pantsuit</tr><tr><td align=\"left\"><i class=\"fa fa-circle-o\"></i> <i class=\"fa fa-circle-o\"></i> </td><td align=\"right\"><i class=\"fa fa-circle-o\"></i> <i class=\"fa fa-circle-o\"></i> </tr></table>\n|uhtml|bestof|<h2><strong>Game 1</strong> of <a href=\"/game-bestof3-gen9vgc2025regibo3-2354696674\">a best-of-3</a></h2>\n|t:|1746111655\n|gametype|doubles\n|player|p1|larry3323|170|1300\n|player|p2|pantsuit|102|1342\n|teamsize|p1|6\n|teamsize|p2|6\n|gen|9\n|tier|[Gen 9] VGC 2025 Reg I (Bo3)\n|rated|\n|rule|Species Clause: Limit one of each Pok\u00e9mon\n|rule|Item Clause: Limit 1 of each item\n|clearpoke\n|poke|p1|Calyrex-Shadow, L50|\n|poke|p1|Zamazenta-*, L50|\n|poke|p1|Rillaboom, L50, M|\n|poke|p1|Incineroar, L50, M|\n|poke|p1|Urshifu-*, L50, M|\n|poke|p1|Ogerpon-Hearthflame, L50, F|\n|poke|p2|Koraidon, L50|\n|poke|p2|Lunala, L50|\n|poke|p2|Chi-Yu, L50|\n|poke|p2|Ursaluna, L50, M|\n|poke|p2|Brute Bonnet, L50|\n|poke|p2|Flutter Mane, L50|\n|teampreview|4\n|showteam|p1|Calyrex-Shadow||SpellTag|AsOneSpectrier|Protect,AstralBarrage,Psychic,NastyPlot||||||50|,,,,,Normal]Zamazenta-Crowned||RustedShield|DauntlessShield|Protect,BodyPress,behemothbash,WideGuard||||||50|,,,,,Dragon]Rillaboom||AssaultVest|GrassySurge|WoodHammer,GrassyGlide,Uturn,FakeOut|||M|||50|,,,,,Fire]Incineroar||RockyHelmet|Intimidate|KnockOff,WillOWisp,PartingShot,FakeOut|||M|||50|,,,,,Water]Urshifu-Rapid-Strike||ChoiceScarf|UnseenFist|SurgingStrikes,CloseCombat,Coaching,Uturn|||M|||50|,,,,,Water]Ogerpon-Hearthflame||HearthflameMask|MoldBreaker|SpikyShield,IvyCudgel,FollowMe,GrassyGlide|||F|||50|,,,,,Fire\n|showteam|p2|Koraidon||LifeOrb|OrichalcumPulse|FlareBlitz,FlameCharge,CloseCombat,Protect||||||50|,,,,,Fire]Lunala||PowerHerb|ShadowShield|MoongeistBeam,MeteorBeam,WideGuard,TrickRoom||||||50|,,,,,Water]Chi-Yu||ChoiceScarf|BeadsofRuin|Overheat,HeatWave,DarkPulse,Snarl||||||50|,,,,,Ghost]Ursaluna||FlameOrb|Guts|Facade,Earthquake,HeadlongRush,Protect|||M|||50|,,,,,Water]Brute Bonnet||CovertCloak|Protosynthesis|SeedBomb,SuckerPunch,Spore,RagePowder||||||50|,,,,,Water]Flutter Mane||FocusSash|Protosynthesis|Moonblast,IcyWind,ShadowBall,Protect||||||50|,,,,,Normal\n|inactive|Battle timer is ON: inactive players will automatically lose when time's up. (requested by larry3323)\n|inactive|larry3323 has 60 seconds left.\n|inactive|pantsuit has 60 seconds left.\n|inactive|larry3323 has 30 seconds left.\n|inactive|larry3323 has 20 seconds left.\n|inactive|larry3323 has 15 seconds left.\n|inactive|larry3323 has 10 seconds left.\n|inactive|larry3323 has 5 seconds left.\n|\n|t:|1746111744\n|start\n|switch|p1a: Calyrex|Calyrex-Shadow, L50|100/100\n|switch|p1b: Ogerpon|Ogerpon-Hearthflame, L50, F|100/100\n|switch|p2a: Koraidon|Koraidon, L50|100/100\n|switch|p2b: Flutter Mane|Flutter Mane, L50|100/100\n|-ability|p1a: Calyrex|As One\n|-ability|p1a: Calyrex|Unnerve\n|-weather|SunnyDay|[from] ability: Orichalcum Pulse|[of] p2a: Koraidon\n|-activate|p2b: Flutter Mane|ability: Protosynthesis\n|-start|p2b: Flutter Mane|protosynthesisspe\n|-activate|p2a: Koraidon|Orichalcum Pulse|[source]\n|-ability|p1b: Ogerpon|Mold Breaker\n|turn|1\n|inactive|pantsuit has 30 seconds left.\n|\n|t:|1746111775\n|-terastallize|p2a: Koraidon|Fire\n|move|p2b: Flutter Mane|Protect|p2b: Flutter Mane\n|-singleturn|p2b: Flutter Mane|Protect\n|move|p1b: Ogerpon|Follow Me|p1b: Ogerpon\n|-singleturn|p1b: Ogerpon|move: Follow Me\n|move|p1a: Calyrex|Astral Barrage|p2a: Koraidon|[spread] p2a\n|-activate|p2b: Flutter Mane|move: Protect\n|-damage|p2a: Koraidon|39/100\n|move|p2a: Koraidon|Flame Charge|p1b: Ogerpon\n|-damage|p1b: Ogerpon|12/100\n|-boost|p2a: Koraidon|spe|1\n|-damage|p2a: Koraidon|29/100|[from] item: Life Orb\n|\n|-weather|SunnyDay|[upkeep]\n|upkeep\n|turn|2\n|\n|t:|1746111795\n|-terastallize|p1a: Calyrex|Normal\n|move|p2a: Koraidon|Protect|p2a: Koraidon\n|-singleturn|p2a: Koraidon|Protect\n|move|p1b: Ogerpon|Follow Me|p1b: Ogerpon\n|-singleturn|p1b: Ogerpon|move: Follow Me\n|move|p2b: Flutter Mane|Shadow Ball|p1b: Ogerpon\n|-damage|p1b: Ogerpon|0 fnt\n|faint|p1b: Ogerpon\n|move|p1a: Calyrex|Astral Barrage|p2a: Koraidon|[spread] p2b\n|-activate|p2a: Koraidon|move: Protect\n|-supereffective|p2b: Flutter Mane\n|-enditem|p2b: Flutter Mane|Focus Sash\n|-damage|p2b: Flutter Mane|1/100\n|\n|-weather|SunnyDay|[upkeep]\n|upkeep\n|\n|t:|1746111810\n|switch|p1b: Incineroar|Incineroar, L50, M|100/100\n|-ability|p1b: Incineroar|Intimidate|boost\n|-unboost|p2a: Koraidon|atk|1\n|-unboost|p2b: Flutter Mane|atk|1\n|turn|3\n|\n|t:|1746111817\n|move|p1b: Incineroar|Fake Out|p2a: Koraidon\n|-damage|p2a: Koraidon|19/100\n|cant|p2a: Koraidon|flinch\n|move|p2b: Flutter Mane|Icy Wind|p1a: Calyrex|[spread] p1a\n|-miss|p2b: Flutter Mane|p1b: Incineroar\n|-damage|p1a: Calyrex|85/100\n|-unboost|p1a: Calyrex|spe|1\n|move|p1a: Calyrex|Astral Barrage|p2b: Flutter Mane|[spread] p2a,p2b\n|-supereffective|p2b: Flutter Mane\n|-damage|p2a: Koraidon|0 fnt\n|-damage|p2b: Flutter Mane|0 fnt\n|faint|p2a: Koraidon\n|faint|p2b: Flutter Mane\n|-end|p2b: Flutter Mane|Protosynthesis|[silent]\n|-ability|p1a: Calyrex|Grim Neigh|boost\n|-boost|p1a: Calyrex|spa|2\n|\n|-weather|SunnyDay|[upkeep]\n|upkeep\n|\n|t:|1746111828\n|switch|p2a: Chi-Yu|Chi-Yu, L50|100/100\n|switch|p2b: Lunala|Lunala, L50|100/100\n|-ability|p2a: Chi-Yu|Beads of Ruin\n|turn|4\n|\n|t:|1746111844\n|move|p2a: Chi-Yu|Overheat|p1a: Calyrex\n|-damage|p1a: Calyrex|0 fnt\n|-unboost|p2a: Chi-Yu|spa|2\n|faint|p1a: Calyrex\n|move|p2b: Lunala|Meteor Beam||[still]\n|-prepare|p2b: Lunala|Meteor Beam\n|-boost|p2b: Lunala|spa|1\n|-enditem|p2b: Lunala|Power Herb\n|-anim|p2b: Lunala|Meteor Beam|p1b: Incineroar\n|-supereffective|p1b: Incineroar\n|-damage|p1b: Incineroar|0 fnt\n|faint|p1b: Incineroar\n|\n|-weather|SunnyDay|[upkeep]\n|upkeep\n|-message|larry3323 forfeited.\n|\n|win|pantsuit\n|l|\u203dlarry3323\n|player|p1|\n||larry3323 is ready for game 2.\n||pantsuit is ready for game 2.\n|uhtml|next|Next: <a href=\"/battle-gen9vgc2025regibo3-2354698797\"><strong>Game 2 of 3</strong></a>\n", "uploadtime": 1746112116, "views": 18, "formatid": "gen9vgc2025regibo3", "rating": null, "private": 0, "password": null}