{"id": "gen9vgc2025regibo3-2354637280", "format": "[Gen 9] VGC 2025 Reg I (Bo3)", "players": ["goodranumber1", "SunnySleepy"], "log": "|j|\u2606goodranumber1\n|j|\u2606SunnySleepy\n|html|<table width=\"100%\"><tr><td align=\"left\">goodranumber1</td><td align=\"right\">SunnySleepy</tr><tr><td align=\"left\"><i class=\"fa fa-circle-o\"></i> <i class=\"fa fa-circle-o\"></i> </td><td align=\"right\"><i class=\"fa fa-circle-o\"></i> <i class=\"fa fa-circle-o\"></i> </tr></table>\n|uhtml|bestof|<h2><strong>Game 1</strong> of <a href=\"/game-bestof3-gen9vgc2025regibo3-2354637279\">a best-of-3</a></h2>\n|t:|1746105722\n|gametype|doubles\n|player|p1|goodranumber1|alder|1092\n|player|p2|SunnySleepy|102|1104\n|teamsize|p1|6\n|teamsize|p2|6\n|gen|9\n|tier|[Gen 9] VGC 2025 Reg I (Bo3)\n|rated|\n|rule|Species Clause: Limit one of each Pok\u00e9mon\n|rule|Item Clause: Limit 1 of each item\n|clearpoke\n|poke|p1|Miraidon, L50|\n|poke|p1|Calyrex-Ice, L50|\n|poke|p1|Grimmsnarl, L50, M|\n|poke|p1|Urshifu-*, L50, M|\n|poke|p1|Ogerpon-Hearthflame, L50, F|\n|poke|p1|Farigiraf, L50, F|\n|poke|p2|Lunala, L50|\n|poke|p2|Miraidon, L50|\n|poke|p2|Ogerpon-Cornerstone, L50, F|\n|poke|p2|Tornadus, L50, M|\n|poke|p2|Incineroar, L50, M|\n|poke|p2|Clefairy, L50, F|\n|teampreview|4\n|showteam|p1|Miraidon||ChoiceSpecs|HadronEngine|ElectroDrift,DracoMeteor,VoltSwitch,DazzlingGleam||||||50|,,,,,Fairy]Calyrex-Ice||ClearAmulet|AsOneGlastrier|GlacialLance,HighHorsepower,TrickRoom,Protect||||||50|,,,,,Fire]Grimmsnarl||LightClay|Prankster|FoulPlay,Reflect,LightScreen,ThunderWave|||M|||50|,,,,,Ghost]Urshifu-Rapid-Strike||MysticWater|UnseenFist|SurgingStrikes,AquaJet,Taunt,Detect|||M|||50|,,,,,Water]Ogerpon-Hearthflame||HearthflameMask|MoldBreaker|IvyCudgel,WoodHammer,FollowMe,SpikyShield|||F|||50|,,,,,Fire]Farigiraf||ElectricSeed|ArmorTail|PsychicNoise,HelpingHand,TrickRoom,Roar|||F|||50|,,,,,Water\n|showteam|p2|Lunala||ElectricSeed|ShadowShield|Moonblast,MoongeistBeam,WideGuard,Protect||||||50|,,,,,Fairy]Miraidon||ChoiceSpecs|HadronEngine|ElectroDrift,DazzlingGleam,VoltSwitch,DracoMeteor||||||50|,,,,,Fairy]Ogerpon-Cornerstone||CornerstoneMask|Sturdy|IvyCudgel,SpikyShield,FollowMe,HornLeech|||F|||50|,,,,,Rock]Tornadus||CovertCloak|Prankster|Taunt,Tailwind,BleakwindStorm,Protect|||M|||50|,,,,,Dark]Incineroar||RockyHelmet|Intimidate|FakeOut,KnockOff,PartingShot,FlareBlitz|||M|||50|,,,,,Fire]Clefairy||Eviolite|FriendGuard|FollowMe,HelpingHand,AfterYou,Moonblast|||F|||50|,,,,,Water\n|inactive|Battle timer is ON: inactive players will automatically lose when time's up. (requested by SunnySleepy)\n|\n|t:|1746105754\n|start\n|switch|p1a: Miraidon|Miraidon, L50|100/100\n|switch|p1b: Grimmsnarl|Grimmsnarl, L50, M|100/100\n|switch|p2a: Miraidon|Miraidon, L50|100/100\n|switch|p2b: Lunala|Lunala, L50|100/100\n|-fieldstart|move: Electric Terrain|[from] ability: Hadron Engine|[of] p2a: Miraidon\n|-enditem|p2b: Lunala|Electric Seed\n|-boost|p2b: Lunala|def|1|[from] item: Electric Seed\n|-activate|p1a: Miraidon|ability: Hadron Engine\n|turn|1\n|\n|t:|1746105778\n|-terastallize|p2a: Miraidon|Fairy\n|-terastallize|p1a: Miraidon|Fairy\n|move|p1b: Grimmsnarl|Light Screen|p1b: Grimmsnarl\n|-sidestart|p1: goodranumber1|move: Light Screen\n|move|p2a: Miraidon|Dazzling Gleam|p1b: Grimmsnarl|[spread] p1a,p1b\n|-supereffective|p1b: Grimmsnarl\n|-damage|p1a: Miraidon|61/100\n|-damage|p1b: Grimmsnarl|15/100\n|move|p1a: Miraidon|Dazzling Gleam|p2b: Lunala|[spread] p2a,p2b\n|-crit|p2a: Miraidon\n|-damage|p2a: Miraidon|7/100\n|-damage|p2b: Lunala|74/100\n|move|p2b: Lunala|Moonblast|p1b: Grimmsnarl\n|-supereffective|p1b: Grimmsnarl\n|-damage|p1b: Grimmsnarl|0 fnt\n|faint|p1b: Grimmsnarl\n|\n|upkeep\n|\n|t:|1746105794\n|switch|p1b: Calyrex|Calyrex-Ice, L50|100/100\n|-ability|p1b: Calyrex|As One\n|-ability|p1b: Calyrex|Unnerve\n|turn|2\n|\n|t:|1746105805\n|move|p2b: Lunala|Wide Guard|p2b: Lunala\n|-singleturn|p2b: Lunala|Wide Guard\n|move|p2a: Miraidon|Dazzling Gleam|p1a: Miraidon|[spread] p1a,p1b\n|-damage|p1a: Miraidon|25/100\n|-damage|p1b: Calyrex|72/100\n|move|p1a: Miraidon|Dazzling Gleam|p2b: Lunala|[spread] \n|-activate|p2a: Miraidon|move: Wide Guard\n|-activate|p2b: Lunala|move: Wide Guard\n|move|p1b: Calyrex|Trick Room|p1b: Calyrex\n|-fieldstart|move: Trick Room|[of] p1b: Calyrex\n|\n|upkeep\n|turn|3\n|\n|t:|1746105822\n|switch|p1a: Farigiraf|Farigiraf, L50, F|100/100\n|-enditem|p1a: Farigiraf|Electric Seed\n|-boost|p1a: Farigiraf|def|1|[from] item: Electric Seed\n|move|p1b: Calyrex|High Horsepower|p2a: Miraidon\n|-damage|p2a: Miraidon|0 fnt\n|faint|p2a: Miraidon\n|-ability|p1b: Calyrex|Chilling Neigh|boost\n|-boost|p1b: Calyrex|atk|1\n|move|p2b: Lunala|Moongeist Beam|p1b: Calyrex\n|-supereffective|p1b: Calyrex\n|-damage|p1b: Calyrex|19/100\n|\n|upkeep\n|\n|t:|1746105838\n|switch|p2a: Clefairy|Clefairy, L50, F|100/100\n|turn|4\n|\n|t:|1746105843\n|move|p1a: Farigiraf|Helping Hand|p1b: Calyrex\n|-singleturn|p1b: Calyrex|Helping Hand|[of] p1a: Farigiraf\n|move|p2a: Clefairy|After You|p2b: Lunala\n|-activate|p2b: Lunala|move: After You\n|move|p2b: Lunala|Moongeist Beam|p1b: Calyrex\n|-supereffective|p1b: Calyrex\n|-damage|p1b: Calyrex|0 fnt\n|faint|p1b: Calyrex\n|\n|upkeep\n|\n|t:|1746105855\n|switch|p1b: Miraidon|Miraidon, L50, tera:Fairy|25/100\n|-activate|p1b: Miraidon|ability: Hadron Engine\n|turn|5\n|\n|t:|1746105870\n|move|p2a: Clefairy|Follow Me|p2a: Clefairy\n|-singleturn|p2a: Clefairy|move: Follow Me\n|move|p1a: Farigiraf|Psychic Noise|p2a: Clefairy\n|-damage|p2a: Clefairy|82/100\n|-start|p2a: Clefairy|move: Heal Block\n|move|p2b: Lunala|Moongeist Beam|p1b: Miraidon\n|-damage|p1b: Miraidon|0 fnt\n|faint|p1b: Miraidon\n|\n|-fieldend|move: Electric Terrain\n|upkeep\n|turn|6\n|-message|goodranumber1 forfeited.\n|raw|goodranumber1's rating: 1092 &rarr; <strong>1069</strong><br />(-23 for losing)\n|raw|SunnySleepy's rating: 1104 &rarr; <strong>1128</strong><br />(+24 for winning)\n|\n|win|SunnySleepy\n|l|\u2606goodranumber1\n|player|p1|\n", "uploadtime": 1746105907, "views": 20, "formatid": "gen9vgc2025regibo3", "rating": 1069, "private": 0, "password": null}