{"id": "gen9vgc2025regibo3-2354138597", "format": "[Gen 9] VGC 2025 Reg I (Bo3)", "players": ["Arkhept", "elyx_1"], "log": "|j|\u2606Arkhept\n|j|\u2606elyx_1\n|html|<table width=\"100%\"><tr><td align=\"left\">Arkhept</td><td align=\"right\">elyx_1</tr><tr><td align=\"left\"><i class=\"fa fa-circle\"></i> <i class=\"fa fa-circle-o\"></i> </td><td align=\"right\"><i class=\"fa fa-circle-o\"></i> <i class=\"fa fa-circle\"></i> </tr></table>\n|uhtml|bestof|<h2><strong>Game 3</strong> of <a href=\"/game-bestof3-gen9vgc2025regibo3-2354132541\">a best-of-3</a></h2>\n|t:|1746038171\n|gametype|doubles\n|player|p1|Arkhept|misty|1145\n|player|p2|elyx_1|170|1261\n|teamsize|p1|6\n|teamsize|p2|6\n|gen|9\n|tier|[Gen 9] VGC 2025 Reg I (Bo3)\n|rated|\n|rule|Species Clause: Limit one of each Pok\u00e9mon\n|rule|Item Clause: Limit 1 of each item\n|clearpoke\n|poke|p1|Miraidon, L50|\n|poke|p1|Whimsicott, L50, M|\n|poke|p1|Farigiraf, L50, M|\n|poke|p1|Iron Hands, L50|\n|poke|p1|Groudon, L50|\n|poke|p1|Blaziken, L50, M|\n|poke|p2|Zamazenta-*, L50|\n|poke|p2|Calyrex-Shadow, L50|\n|poke|p2|Tornadus, L50, M|\n|poke|p2|Urshifu-*, L50, M|\n|poke|p2|Rillaboom, L50, M|\n|poke|p2|Chien-Pao, L50|\n|teampreview|4\n|showteam|p1|Miraidon||ChoiceSpecs|HadronEngine|ElectroDrift,DracoMeteor,VoltSwitch,DazzlingGleam||||||50|,,,,,Fairy]Whimsicott||CovertCloak|Prankster|Tailwind,Encore,LightScreen,Moonblast|||M|||50|,,,,,Dark]Farigiraf||ElectricSeed|ArmorTail|Psychic,FoulPlay,HelpingHand,TrickRoom|||M|||50|,,,,,Dark]Iron Hands||AssaultVest|QuarkDrive|LowKick,DrainPunch,WildCharge,FakeOut||||||50|,,,,,Water]Groudon||ClearAmulet|Drought|PrecipiceBlades,HighHorsepower,HeatCrash,Protect||||||50|,,,,,Fire]Blaziken||FocusSash|SpeedBoost|Protect,FlareBlitz,CloseCombat,Coaching|||M|||50|,,,,,Fire\n|showteam|p2|Zamazenta-Crowned||RustedShield|DauntlessShield|BodyPress,HeavySlam,WideGuard,Protect||||||50|,,,,,Ghost]Calyrex-Shadow||FocusSash|AsOneSpectrier|AstralBarrage,Psychic,Encore,Protect||||||50|,,,,,Ghost]Tornadus||RockyHelmet|Prankster|BleakwindStorm,Tailwind,RainDance,Protect|||M|||50|,,,,,Dark]Urshifu-Rapid-Strike||MysticWater|UnseenFist|SurgingStrikes,CloseCombat,AquaJet,Detect|||M|||50|,,,,,Water]Rillaboom||AssaultVest|GrassySurge|WoodHammer,GrassyGlide,Uturn,FakeOut|||M|||50|,,,,,Fire]Chien-Pao||LifeOrb|SwordofRuin|SuckerPunch,IceSpinner,IceShard,Protect||||||50|,,,,,Stellar\n|inactive|Battle timer is ON: inactive players will automatically lose when time's up. (requested by elyx_1)\n|\n|t:|1746038187\n|start\n|switch|p1a: Groudon|Groudon, L50|100/100\n|switch|p1b: Blaziken|Blaziken, L50, M|100/100\n|switch|p2a: Tornadus|Tornadus, L50, M|100/100\n|switch|p2b: Urshifu|Urshifu-Rapid-Strike, L50, M|100/100\n|-weather|SunnyDay|[from] ability: Drought|[of] p1a: Groudon\n|turn|1\n|inactive|Arkhept has 30 seconds left.\n|\n|t:|1746038217\n|-terastallize|p2b: Urshifu|Water\n|move|p2a: Tornadus|Rain Dance|p2a: Tornadus\n|-weather|RainDance\n|move|p1b: Blaziken|Close Combat|p2b: Urshifu\n|-damage|p2b: Urshifu|43/100\n|-unboost|p1b: Blaziken|def|1\n|-unboost|p1b: Blaziken|spd|1\n|move|p2b: Urshifu|Surging Strikes|p1b: Blaziken\n|-supereffective|p1b: Blaziken\n|-crit|p1b: Blaziken\n|-enditem|p1b: Blaziken|Focus Sash\n|-damage|p1b: Blaziken|1/100\n|-supereffective|p1b: Blaziken\n|-crit|p1b: Blaziken\n|-damage|p1b: Blaziken|0 fnt\n|faint|p1b: Blaziken\n|-hitcount|p1: Blaziken|2\n|move|p1a: Groudon|Heat Crash|p2a: Tornadus\n|-damage|p2a: Tornadus|76/100\n|-damage|p1a: Groudon|84/100|[from] item: Rocky Helmet|[of] p2a: Tornadus\n|\n|-weather|RainDance|[upkeep]\n|upkeep\n|\n|t:|1746038224\n|switch|p1b: Whimsicott|Whimsicott, L50, M|100/100\n|turn|2\n|\n|t:|1746038240\n|switch|p1a: Miraidon|Miraidon, L50|100/100\n|-fieldstart|move: Electric Terrain|[from] ability: Hadron Engine|[of] p1a: Miraidon\n|move|p1b: Whimsicott|Encore|p2a: Tornadus\n|-start|p2a: Tornadus|Encore\n|move|p2a: Tornadus|Rain Dance||[still]\n|-fail|p2a: Tornadus\n|move|p2b: Urshifu|Surging Strikes|p1a: Miraidon\n|-resisted|p1a: Miraidon\n|-crit|p1a: Miraidon\n|-damage|p1a: Miraidon|75/100\n|-resisted|p1a: Miraidon\n|-crit|p1a: Miraidon\n|-damage|p1a: Miraidon|48/100\n|-resisted|p1a: Miraidon\n|-crit|p1a: Miraidon\n|-damage|p1a: Miraidon|22/100\n|-hitcount|p1a: Miraidon|3\n|\n|-weather|RainDance|[upkeep]\n|upkeep\n|turn|3\n|inactive|Arkhept has 30 seconds left.\n|inactive|elyx_1 has 30 seconds left.\n|inactive|Arkhept has 20 seconds left.\n|inactive|Arkhept has 15 seconds left.\n|inactive|Arkhept has 10 seconds left.\n|inactive|Arkhept has 5 seconds left.\n|\n|t:|1746038295\n|switch|p2a: Rillaboom|Rillaboom, L50, M|100/100\n|-fieldstart|move: Grassy Terrain|[from] ability: Grassy Surge|[of] p2a: Rillaboom\n|move|p1b: Whimsicott|Tailwind|p1b: Whimsicott\n|-sidestart|p1: Arkhept|move: Tailwind\n|move|p2b: Urshifu|Aqua Jet|p1a: Miraidon\n|-resisted|p1a: Miraidon\n|-damage|p1a: Miraidon|0 fnt\n|faint|p1a: Miraidon\n|\n|-weather|RainDance|[upkeep]\n|-heal|p2b: Urshifu|49/100|[from] Grassy Terrain\n|upkeep\n|\n|t:|1746038297\n|switch|p1a: Groudon|Groudon, L50|84/100\n|-weather|SunnyDay|[from] ability: Drought|[of] p1a: Groudon\n|turn|4\n|inactive|elyx_1 has 30 seconds left.\n|\n|t:|1746038324\n|switch|p2b: Tornadus|Tornadus, L50, M|76/100\n|move|p2a: Rillaboom|Fake Out|p1a: Groudon\n|-damage|p1a: Groudon|76/100\n|move|p1b: Whimsicott|Moonblast|p2a: Rillaboom\n|-damage|p2a: Rillaboom|84/100\n|cant|p1a: Groudon|flinch\n|\n|-weather|SunnyDay|[upkeep]\n|-heal|p1a: Groudon|82/100|[from] Grassy Terrain\n|-heal|p2a: Rillaboom|90/100|[from] Grassy Terrain\n|upkeep\n|turn|5\n|-message|Arkhept forfeited.\n|\n|win|elyx_1\n|raw|Arkhept's rating: 1145 &rarr; <strong>1128</strong><br />(-17 for losing)\n|raw|elyx_1's rating: 1261 &rarr; <strong>1278</strong><br />(+17 for winning)\n|l|\u2606Arkhept\n|player|p1|\n|l|\u2606elyx_1\n|player|p2|\n", "uploadtime": 1746038680, "views": 6, "formatid": "gen9vgc2025regibo3", "rating": 1128, "private": 0, "password": null}