{"id": "gen9vgc2025regibo3-2353543220", "format": "[Gen 9] VGC 2025 Reg I (Bo3)", "players": ["lebobguy", "frank_welog"], "log": "|j|\u2606lebobguy\n|j|\u2606frank_welog\n|html|<table width=\"100%\"><tr><td align=\"left\">lebobguy</td><td align=\"right\">frank_welog</tr><tr><td align=\"left\"><i class=\"fa fa-circle-o\"></i> <i class=\"fa fa-circle-o\"></i> </td><td align=\"right\"><i class=\"fa fa-circle-o\"></i> <i class=\"fa fa-circle-o\"></i> </tr></table>\n|uhtml|bestof|<h2><strong>Game 1</strong> of <a href=\"/game-bestof3-gen9vgc2025regibo3-2353543219\">a best-of-3</a></h2>\n|t:|1745966439\n|gametype|doubles\n|player|p1|lebobguy|clown|1111\n|player|p2|frank_welog|ethan|1146\n|teamsize|p1|6\n|teamsize|p2|6\n|gen|9\n|tier|[Gen 9] VGC 2025 Reg I (Bo3)\n|rated|\n|rule|Species Clause: Limit one of each Pok\u00e9mon\n|rule|Item Clause: Limit 1 of each item\n|clearpoke\n|poke|p1|Miraidon, L50|\n|poke|p1|Tornadus, L50, M|\n|poke|p1|Urshifu-*, L50, M|\n|poke|p1|Kyogre, L50|\n|poke|p1|Archaludon, L50, M|\n|poke|p1|Zoroark-Hisui, L50, F|\n|poke|p2|Kyogre, L50|\n|poke|p2|Calyrex-Ice, L50|\n|poke|p2|Indeedee-F, L50, F|\n|poke|p2|Ogerpon-Wellspring, L50, F|\n|poke|p2|Ursaluna-Bloodmoon, L50, M|\n|poke|p2|Munkidori, L50, M|\n|teampreview|4\n|showteam|p1|Miraidon||ChoiceSpecs|HadronEngine|ElectroDrift,DazzlingGleam,VoltSwitch,DracoMeteor||||||50|,,,,,Fairy]Tornadus||CovertCloak|Prankster|Tailwind,Taunt,BleakwindStorm,Protect|||M|||50|,,,,,Dark]Urshifu-Rapid-Strike||MysticWater|UnseenFist|AquaJet,SurgingStrikes,LowKick,Detect|||M|||50|,,,,,Dark]Kyogre||LifeOrb|Drizzle|OriginPulse,IceBeam,MuddyWater,Protect||||||50|,,,,,Grass]Archaludon||AssaultVest|Stamina|ElectroShot,DracoMeteor,BodyPress,FlashCannon|||M|||50|,,,,,Ghost]Zoroark-Hisui||ExpertBelt|Illusion|BitterMalice,DarkPulse,Uturn,Detect|||F|||50|,,,,,Fairy\n|showteam|p2|Kyogre||ChoiceScarf|Drizzle|Surf,Thunder,IceBeam,WaterSpout||||||50|,,,,,Grass]Calyrex-Ice||ClearAmulet|AsOneGlastrier|Protect,TrickRoom,GlacialLance,HighHorsepower||||||50|,,,,,Water]Indeedee-F||PsychicSeed|PsychicSurge|Psychic,FollowMe,TrickRoom,HelpingHand|||F|||50|,,,,,Grass]Ogerpon-Wellspring||WellspringMask|WaterAbsorb|FollowMe,IvyCudgel,HornLeech,SpikyShield|||F|||50|,,,,,Water]Ursaluna-Bloodmoon||LifeOrb|MindsEye|Protect,BloodMoon,HyperVoice,EarthPower|||M|||50|,,,,,Poison]Munkidori||FocusSash|ToxicChain|Taunt,FakeOut,ClearSmog,PsychicNoise|||M|||50|,,,,,Normal\n|c|\u2606lebobguy|glhf :)\n|inactive|Battle timer is ON: inactive players will automatically lose when time's up. (requested by frank_welog)\n|c|\u2606frank_welog|glhf\n|inactive|frank_welog has 60 seconds left.\n|\n|t:|1745966491\n|start\n|switch|p1a: Kyogre|Kyogre, L50|100/100\n|switch|p1b: Miraidon|Miraidon, L50|100/100\n|switch|p2a: Indeedee|Indeedee-F, L50, F|100/100\n|switch|p2b: Calyrex|Calyrex-Ice, L50|100/100\n|-ability|p2b: Calyrex|As One\n|-ability|p2b: Calyrex|Unnerve\n|-fieldstart|move: Electric Terrain|[from] ability: Hadron Engine|[of] p1b: Miraidon\n|-weather|RainDance|[from] ability: Drizzle|[of] p1a: Kyogre\n|-fieldstart|move: Psychic Terrain|[from] ability: Psychic Surge|[of] p2a: Indeedee\n|-enditem|p2a: Indeedee|Psychic Seed\n|-boost|p2a: Indeedee|spd|1|[from] item: Psychic Seed\n|turn|1\n|inactive|frank_welog has 30 seconds left.\n|inactive|frank_welog has 20 seconds left.\n|inactive|frank_welog has 15 seconds left.\n|inactive|frank_welog has 10 seconds left.\n|\n|t:|1745966538\n|move|p2a: Indeedee|Follow Me|p2a: Indeedee\n|-singleturn|p2a: Indeedee|move: Follow Me\n|move|p1b: Miraidon|Volt Switch|p2a: Indeedee\n|-crit|p2a: Indeedee\n|-damage|p2a: Indeedee|23/100\n|\n|t:|1745966544\n|switch|p1b: Archaludon|Archaludon, L50, M|100/100|[from] Volt Switch\n|move|p1a: Kyogre|Origin Pulse|p2b: Calyrex|[spread] p2a,p2b\n|-damage|p2a: Indeedee|0 fnt\n|-damage|p2b: Calyrex|44/100\n|faint|p2a: Indeedee\n|-damage|p1a: Kyogre|91/100|[from] item: Life Orb\n|move|p2b: Calyrex|Trick Room|p2b: Calyrex\n|-fieldstart|move: Trick Room|[of] p2b: Calyrex\n|\n|-weather|RainDance|[upkeep]\n|upkeep\n|inactive|frank_welog has 30 seconds left.\n|\n|t:|1745966572\n|switch|p2a: Ogerpon|Ogerpon-Wellspring, L50, F|100/100\n|turn|2\n|inactive|frank_welog has 30 seconds left.\n|inactive|frank_welog has 20 seconds left.\n|inactive|frank_welog has 15 seconds left.\n|inactive|frank_welog has 10 seconds left.\n|inactive|frank_welog has 5 seconds left.\n|\n|t:|1745966625\n|move|p2b: Calyrex|Glacial Lance|p1a: Kyogre|[spread] p1a,p1b\n|-resisted|p1a: Kyogre\n|-damage|p1a: Kyogre|61/100\n|-damage|p1b: Archaludon|59/100\n|-ability|p1b: Archaludon|Stamina|boost\n|-boost|p1b: Archaludon|def|1\n|move|p1b: Archaludon|Electro Shot||[still]\n|-prepare|p1b: Archaludon|Electro Shot\n|-boost|p1b: Archaludon|spa|1\n|-anim|p1b: Archaludon|Electro Shot|p2a: Ogerpon\n|-damage|p2a: Ogerpon|30/100\n|move|p2a: Ogerpon|Ivy Cudgel|p1b: Archaludon|[anim] Ivy Cudgel Water\n|-resisted|p1b: Archaludon\n|-damage|p1b: Archaludon|36/100\n|-ability|p1b: Archaludon|Stamina|boost\n|-boost|p1b: Archaludon|def|1\n|move|p1a: Kyogre|Ice Beam|p2a: Ogerpon\n|-damage|p2a: Ogerpon|0 fnt\n|faint|p2a: Ogerpon\n|-damage|p1a: Kyogre|51/100|[from] item: Life Orb\n|\n|-weather|RainDance|[upkeep]\n|upkeep\n|\n|t:|1745966643\n|switch|p2a: Ursaluna|Ursaluna-Bloodmoon, L50, M|100/100\n|turn|3\n|inactive|frank_welog has 30 seconds left.\n|inactive|frank_welog has 20 seconds left.\n|inactive|frank_welog has 15 seconds left.\n|\n|t:|1745966683\n|-terastallize|p2b: Calyrex|Water\n|move|p2b: Calyrex|Glacial Lance|p1a: Kyogre|[spread] p1a,p1b\n|-resisted|p1a: Kyogre\n|-damage|p1a: Kyogre|22/100\n|-damage|p1b: Archaludon|17/100\n|-ability|p1b: Archaludon|Stamina|boost\n|-boost|p1b: Archaludon|def|1\n|move|p2a: Ursaluna|Hyper Voice|p1b: Archaludon|[spread] p1a,p1b\n|-crit|p1a: Kyogre\n|-resisted|p1b: Archaludon\n|-damage|p1a: Kyogre|0 fnt\n|-damage|p1b: Archaludon|0 fnt\n|faint|p1a: Kyogre\n|faint|p1b: Archaludon\n|-damage|p2a: Ursaluna|91/100|[from] item: Life Orb\n|\n|-weather|RainDance|[upkeep]\n|upkeep\n|inactive|lebobguy has 30 seconds left.\n|inactive|lebobguy has 20 seconds left.\n|inactive|lebobguy has 15 seconds left.\n|\n|t:|1745966725\n|switch|p1b: Urshifu|Urshifu-Rapid-Strike, L50, M|100/100\n|switch|p1a: Miraidon|Miraidon, L50|100/100\n|-fieldstart|move: Electric Terrain|[from] ability: Hadron Engine|[of] p1a: Miraidon\n|turn|4\n|inactive|frank_welog has 30 seconds left.\n|inactive|frank_welog has 20 seconds left.\n|inactive|frank_welog has 15 seconds left.\n|\n|t:|1745966767\n|-terastallize|p1a: Miraidon|Fairy\n|move|p1b: Urshifu|Aqua Jet|p2a: Ursaluna\n|-supereffective|p2a: Ursaluna\n|-damage|p2a: Ursaluna|27/100\n|move|p2b: Calyrex|Glacial Lance|p1b: Urshifu|[spread] p1a,p1b\n|-resisted|p1b: Urshifu\n|-damage|p1a: Miraidon|47/100\n|-damage|p1b: Urshifu|70/100\n|move|p2a: Ursaluna|Blood Moon|p1b: Urshifu\n|-damage|p1b: Urshifu|0 fnt\n|faint|p1b: Urshifu\n|-damage|p2a: Ursaluna|18/100|[from] item: Life Orb\n|move|p1a: Miraidon|Dazzling Gleam|p2a: Ursaluna|[spread] p2a,p2b\n|-damage|p2a: Ursaluna|0 fnt\n|-damage|p2b: Calyrex|0 fnt\n|faint|p2a: Ursaluna\n|faint|p2b: Calyrex\n|\n|win|lebobguy\n||lebobguy is ready for game 2.\n|inactive|frank_welog has 30 seconds to confirm battle start!\n||frank_welog is ready for game 2.\n|uhtml|next|Next: <a href=\"/battle-gen9vgc2025regibo3-2353546293\"><strong>Game 2 of 3</strong></a>\n", "uploadtime": 1745966983, "views": 8, "formatid": "gen9vgc2025regibo3", "rating": null, "private": 0, "password": null}