{"id": "gen9vgc2025regibo3-2354257697", "format": "[Gen 9] VGC 2025 Reg I (Bo3)", "players": ["pfedd", "Jesucrit0"], "log": "|j|\u2606pfedd\n|j|\u2606Jesucrit0\n|html|<table width=\"100%\"><tr><td align=\"left\">pfedd</td><td align=\"right\">Jesucrit0</tr><tr><td align=\"left\"><i class=\"fa fa-circle-o\"></i> <i class=\"fa fa-circle-o\"></i> </td><td align=\"right\"><i class=\"fa fa-circle-o\"></i> <i class=\"fa fa-circle-o\"></i> </tr></table>\n|uhtml|bestof|<h2><strong>Game 1</strong> of <a href=\"/game-bestof3-gen9vgc2025regibo3-2354257695\">a best-of-3</a></h2>\n|t:|1746049858\n|gametype|doubles\n|player|p1|pfedd|benga|1109\n|player|p2|Jesucrit0|buck|1105\n|teamsize|p1|6\n|teamsize|p2|6\n|gen|9\n|tier|[Gen 9] VGC 2025 Reg I (Bo3)\n|rated|\n|rule|Species Clause: Limit one of each Pok\u00e9mon\n|rule|Item Clause: Limit 1 of each item\n|clearpoke\n|poke|p1|Calyrex-Shadow, L50|\n|poke|p1|Koraidon, L50|\n|poke|p1|Raging Bolt, L50|\n|poke|p1|Walking Wake, L50|\n|poke|p1|Incineroar, L50, M|\n|poke|p1|Rillaboom, L50, F|\n|poke|p2|Palkia-Origin, L50|\n|poke|p2|Farigiraf, L50, M|\n|poke|p2|Calyrex-Ice, L50|\n|poke|p2|Rillaboom, L50, F|\n|poke|p2|Urshifu-*, L50, F|\n|poke|p2|Chi-Yu, L50|\n|teampreview|4\n|showteam|p1|Calyrex-Shadow||SpellTag|AsOneSpectrier|AstralBarrage,Psychic,DrainingKiss,Protect||||||50|,,,,,Fairy]Koraidon||ClearAmulet|OrichalcumPulse|CloseCombat,FlareBlitz,FlameCharge,Protect||||||50|,,,,,Fire]Raging Bolt||AssaultVest|Protosynthesis|Thunderclap,DracoMeteor,VoltSwitch,Electroweb||||||50|,,,,,Fairy]Walking Wake||LifeOrb|Protosynthesis|HydroSteam,DracoMeteor,Flamethrower,Protect||||||50|,,,,,Fire]Incineroar||SafetyGoggles|Intimidate|FakeOut,FlareBlitz,KnockOff,Protect|||M|||50|,,,,,Ghost]Rillaboom||SitrusBerry|GrassySurge|GrassyGlide,WoodHammer,FakeOut,Uturn|||F|||50|,,,,,Ghost\n|showteam|p2|Palkia-Origin||LustrousGlobe|Pressure|SpacialRend,Protect,HydroPump,DracoMeteor||||||50|,,,,,Fairy]Farigiraf||SafetyGoggles|ArmorTail|FoulPlay,Psychic,HelpingHand,TrickRoom|||M|||50|,,,,,Water]Calyrex-Ice||ClearAmulet|AsOneGlastrier|GlacialLance,HighHorsepower,Protect,TrickRoom||||||50|,,,,,Fairy]Rillaboom||AssaultVest|GrassySurge|GrassyGlide,WoodHammer,FakeOut,Uturn|||F|||50|,,,,,Fire]Urshifu-Rapid-Strike||MysticWater|UnseenFist|SurgingStrikes,CloseCombat,Protect,AquaJet|||F|||50|,,,,,Water]Chi-Yu||ChoiceScarf|BeadsofRuin|HeatWave,Overheat,DarkPulse,Snarl||||||50|,,,,,Fire\n|inactive|Battle timer is ON: inactive players will automatically lose when time's up. (requested by pfedd)\n|inactive|Jesucrit0 has 60 seconds left.\n|\n|t:|1746049950\n|start\n|switch|p1a: Calyrex|Calyrex-Shadow, L50|100/100\n|switch|p1b: Reeses Puffs|Incineroar, L50, M|100/100\n|switch|p2a: Sing about me|Palkia-Origin, L50, shiny|100/100\n|switch|p2b: Wolfeyvgc|Farigiraf, L50, M|100/100\n|-ability|p1a: Calyrex|As One\n|-ability|p1a: Calyrex|Unnerve\n|-ability|p2a: Sing about me|Pressure\n|-ability|p1b: Reeses Puffs|Intimidate|boost\n|-unboost|p2a: Sing about me|atk|1\n|-unboost|p2b: Wolfeyvgc|atk|1\n|turn|1\n|inactive|pfedd has 30 seconds left.\n|inactive|Jesucrit0 has 30 seconds left.\n|inactive|pfedd has 20 seconds left.\n|inactive|Jesucrit0 has 20 seconds left.\n|inactive|pfedd has 15 seconds left.\n|inactive|Jesucrit0 has 15 seconds left.\n|\n|t:|1746049993\n|move|p1a: Calyrex|Draining Kiss|p2a: Sing about me\n|-supereffective|p2a: Sing about me\n|-damage|p2a: Sing about me|67/100\n|move|p2a: Sing about me|Hydro Pump|p1b: Reeses Puffs\n|-supereffective|p1b: Reeses Puffs\n|-damage|p1b: Reeses Puffs|0 fnt\n|faint|p1b: Reeses Puffs\n|move|p2b: Wolfeyvgc|Foul Play|p1a: Calyrex\n|-supereffective|p1a: Calyrex\n|-damage|p1a: Calyrex|30/100\n|\n|upkeep\n|\n|t:|1746050005\n|switch|p1b: Raging Bolt|Raging Bolt, L50|100/100\n|turn|2\n|inactive|pfedd has 30 seconds left.\n|inactive|Jesucrit0 has 30 seconds left.\n|inactive|pfedd has 20 seconds left.\n|inactive|pfedd has 15 seconds left.\n|\n|t:|1746050047\n|move|p2a: Sing about me|Protect|p2a: Sing about me\n|-singleturn|p2a: Sing about me|Protect\n|move|p1a: Calyrex|Draining Kiss|p2a: Sing about me\n|-activate|p2a: Sing about me|move: Protect\n|move|p1b: Raging Bolt|Electroweb|p2a: Sing about me|[spread] p2b\n|-activate|p2a: Sing about me|move: Protect\n|-damage|p2b: Wolfeyvgc|80/100\n|-unboost|p2b: Wolfeyvgc|spe|1\n|move|p2b: Wolfeyvgc|Trick Room|p2b: Wolfeyvgc\n|-fieldstart|move: Trick Room|[of] p2b: Wolfeyvgc\n|\n|upkeep\n|turn|3\n|inactive|Jesucrit0 has 30 seconds left.\n|\n|t:|1746050073\n|-terastallize|p2a: Sing about me|Fairy\n|move|p2b: Wolfeyvgc|Helping Hand|p2a: Sing about me\n|-singleturn|p2a: Sing about me|Helping Hand|[of] p2b: Wolfeyvgc\n|move|p1a: Calyrex|Protect|p1a: Calyrex\n|-singleturn|p1a: Calyrex|Protect\n|move|p1b: Raging Bolt|Draco Meteor|p2a: Sing about me\n|-immune|p2a: Sing about me\n|move|p2a: Sing about me|Spacial Rend|p1b: Raging Bolt\n|-supereffective|p1b: Raging Bolt\n|-damage|p1b: Raging Bolt|0 fnt\n|faint|p1b: Raging Bolt\n|-end|p1b: Raging Bolt|Protosynthesis|[silent]\n|\n|upkeep\n|\n|t:|1746050084\n|switch|p1b: Koraidon|Koraidon, L50|100/100\n|-weather|SunnyDay|[from] ability: Orichalcum Pulse|[of] p1b: Koraidon\n|-activate|p1b: Koraidon|Orichalcum Pulse|[source]\n|turn|4\n|inactive|Jesucrit0 has 30 seconds left.\n|inactive|Jesucrit0 has 20 seconds left.\n|\n|t:|1746050124\n|move|p2b: Wolfeyvgc|Foul Play|p1a: Calyrex\n|-supereffective|p1a: Calyrex\n|-damage|p1a: Calyrex|0 fnt\n|faint|p1a: Calyrex\n|move|p2a: Sing about me|Spacial Rend|p1b: Koraidon\n|-supereffective|p1b: Koraidon\n|-damage|p1b: Koraidon|0 fnt\n|faint|p1b: Koraidon\n|\n|win|Jesucrit0\n|l|\u2606pfedd\n|player|p1|\n|inactive|pfedd has 30 seconds to confirm battle start!\n|inactive|Jesucrit0 has 30 seconds to confirm battle start!\n||pfedd is ready for game 2.\n||Jesucrit0 is ready for game 2.\n|uhtml|next|Next: <a href=\"/battle-gen9vgc2025regibo3-2354260298\"><strong>Game 2 of 3</strong></a>\n|j|\u2606pfedd\n|player|p1|pfedd|benga|\n|l|\u2606pfedd\n|player|p1|\n", "uploadtime": 1746050468, "views": 6, "formatid": "gen9vgc2025regibo3", "rating": null, "private": 0, "password": null}