{"id": "gen9vgc2025regibo3-2354744083", "format": "[Gen 9] VGC 2025 Reg I (Bo3)", "players": ["boonanar", "SpeedgeTheImposter"], "log": "|j|\u2606boonanar\n|j|\u2606SpeedgeTheImposter\n|html|<table width=\"100%\"><tr><td align=\"left\">boonanar</td><td align=\"right\">SpeedgeTheImposter</tr><tr><td align=\"left\"><i class=\"fa fa-circle\"></i> <i class=\"fa fa-circle-o\"></i> </td><td align=\"right\"><i class=\"fa fa-circle-o\"></i> <i class=\"fa fa-circle-o\"></i> </tr></table>\n|uhtml|bestof|<h2><strong>Game 2</strong> of <a href=\"/game-bestof3-gen9vgc2025regibo3-2354742218\">a best-of-3</a></h2>\n|t:|1746115927\n|gametype|doubles\n|player|p1|boonanar|170|1110\n|player|p2|SpeedgeTheImposter|169|1091\n|teamsize|p1|6\n|teamsize|p2|6\n|gen|9\n|tier|[Gen 9] VGC 2025 Reg I (Bo3)\n|rated|\n|rule|Species Clause: Limit one of each Pok\u00e9mon\n|rule|Item Clause: Limit 1 of each item\n|clearpoke\n|poke|p1|Calyrex-Shadow, L50|\n|poke|p1|Rillaboom, L50, M|\n|poke|p1|Incineroar, L50, F|\n|poke|p1|Zacian-*, L50|\n|poke|p1|Whimsicott, L50, F|\n|poke|p1|Regidrago, L50|\n|poke|p2|Regieleki, L50|\n|poke|p2|Exeggutor-Alola, L50, M|\n|poke|p2|Calyrex-Ice, L50|\n|poke|p2|Indeedee-F, L50, F|\n|poke|p2|Whimsicott, L50, M|\n|poke|p2|Kyurem-Black, L50|\n|teampreview|4\n|showteam|p1|Calyrex-Shadow||FocusSash|AsOneSpectrier|AstralBarrage,Psychic,Protect,Encore||||||50|,,,,,Ghost]Rillaboom||AssaultVest|GrassySurge|WoodHammer,GrassyGlide,FakeOut,Uturn|||M|||50|,,,,,Fire]Incineroar||RockyHelmet|Intimidate|FakeOut,PartingShot,KnockOff,WillOWisp|||F|||50|,,,,,Ghost]Zacian-Crowned||RustedSword|IntrepidSword|behemothblade,PlayRough,TeraBlast,Protect||||||50|,,,,,Ground]Whimsicott||CovertCloak|Prankster|Tailwind,Moonblast,LightScreen,Encore|||F|||50|,,,,,Dark]Regidrago||LifeOrb|DragonsMaw|DragonEnergy,DracoMeteor,EarthPower,Protect||||||50|,,,,,Ghost\n|showteam|p2|Regieleki||Magnet|Transistor|VoltSwitch,Thunderbolt,Electroweb,ThunderWave||||||50|,,,,,Electric]Exeggutor-Alola||SitrusBerry|Harvest|StompingTantrum,LeechSeed,Substitute,SleepPowder|||M|||50|,,,,,Fairy]Calyrex-Ice||ClearAmulet|AsOneGlastrier|GlacialLance,StompingTantrum,TrickRoom,Protect||||||50|,,,,,Water]Indeedee-F||RockyHelmet|PsychicSurge|TrickRoom,LightScreen,Reflect,Protect|||F|||50|,,,,,Psychic]Whimsicott||CovertCloak|Prankster|SunnyDay,Encore,Tailwind,StunSpore|||M|||50|,,,,,Grass]Kyurem-Black||LifeOrb|Teravolt|DragonDance,DragonTail,IcicleSpear,Protect||||||50|,,,,,Ice\n|\n|t:|1746115938\n|start\n|switch|p1a: Whimsicott|Whimsicott, L50, F|100/100\n|switch|p1b: Rillaboom|Rillaboom, L50, M|100/100\n|switch|p2a: Indeedee|Indeedee-F, L50, F|100/100\n|switch|p2b: Whimsicott|Whimsicott, L50, M|100/100\n|-fieldstart|move: Grassy Terrain|[from] ability: Grassy Surge|[of] p1b: Rillaboom\n|-fieldstart|move: Psychic Terrain|[from] ability: Psychic Surge|[of] p2a: Indeedee\n|turn|1\n|\n|t:|1746115965\n|switch|p2b: Calyrex|Calyrex-Ice, L50|100/100\n|-ability|p2b: Calyrex|As One\n|-ability|p2b: Calyrex|Unnerve\n|move|p1a: Whimsicott|Tailwind|p1a: Whimsicott\n|-sidestart|p1: boonanar|move: Tailwind\n|move|p1b: Rillaboom|U-turn|p2a: Indeedee\n|-supereffective|p2a: Indeedee\n|-damage|p2a: Indeedee|44/100\n|-damage|p1b: Rillaboom|84/100|[from] item: Rocky Helmet|[of] p2a: Indeedee\n|\n|t:|1746115972\n|switch|p1b: Calyrex|Calyrex-Shadow, L50|100/100|[from] U-turn\n|-ability|p1b: Calyrex|As One\n|-ability|p1b: Calyrex|Unnerve\n|move|p2a: Indeedee|Trick Room|p2a: Indeedee\n|-fieldstart|move: Trick Room|[of] p2a: Indeedee\n|\n|upkeep\n|turn|2\n|\n|t:|1746115984\n|switch|p2a: Kyurem|Kyurem-Black, L50|100/100\n|-ability|p2a: Kyurem|Teravolt\n|-terastallize|p1b: Calyrex|Ghost\n|move|p1a: Whimsicott|Light Screen|p1a: Whimsicott\n|-sidestart|p1: boonanar|move: Light Screen\n|move|p2b: Calyrex|Glacial Lance|p1a: Whimsicott|[spread] p1a,p1b\n|-supereffective|p1a: Whimsicott\n|-damage|p1a: Whimsicott|0 fnt\n|-damage|p1b: Calyrex|33/100\n|faint|p1a: Whimsicott\n|-ability|p2b: Calyrex|Chilling Neigh|boost\n|-boost|p2b: Calyrex|atk|1\n|move|p1b: Calyrex|Astral Barrage|p2b: Calyrex|[spread] p2a,p2b\n|-supereffective|p2b: Calyrex\n|-damage|p2a: Kyurem|43/100\n|-damage|p2b: Calyrex|0 fnt\n|faint|p2b: Calyrex\n|-ability|p1b: Calyrex|Grim Neigh|boost\n|-boost|p1b: Calyrex|spa|1\n|\n|upkeep\n|inactive|Battle timer is ON: inactive players will automatically lose when time's up. (requested by boonanar)\n|\n|t:|1746115997\n|switch|p2b: Whimsicott|Whimsicott, L50, M|100/100\n|switch|p1a: Regidrago|Regidrago, L50|100/100\n|turn|3\n|\n|t:|1746116009\n|move|p2b: Whimsicott|Stun Spore|p1a: Regidrago\n|-activate|p1a: Regidrago|move: Psychic Terrain\n|move|p2a: Kyurem|Icicle Spear|p1b: Calyrex\n|-damage|p1b: Calyrex|6/100\n|-damage|p1b: Calyrex|0 fnt\n|faint|p1b: Calyrex\n|-hitcount|p1: Calyrex|2\n|-damage|p2a: Kyurem|33/100|[from] item: Life Orb\n|move|p1a: Regidrago|Dragon Energy|p2b: Whimsicott|[spread] p2a\n|-immune|p2b: Whimsicott\n|-supereffective|p2a: Kyurem\n|-damage|p2a: Kyurem|0 fnt\n|faint|p2a: Kyurem\n|-damage|p1a: Regidrago|91/100|[from] item: Life Orb\n|\n|upkeep\n|\n|t:|1746116018\n|switch|p2a: Indeedee|Indeedee-F, L50, F|44/100\n|switch|p1b: Rillaboom|Rillaboom, L50, M|84/100\n|-fieldstart|move: Grassy Terrain|[from] ability: Grassy Surge|[of] p1b: Rillaboom\n|turn|4\n|-message|SpeedgeTheImposter forfeited.\n|\n|win|boonanar\n|raw|boonanar's rating: 1110 &rarr; <strong>1134</strong><br />(+24 for winning)\n|raw|SpeedgeTheImposter's rating: 1091 &rarr; <strong>1069</strong><br />(-22 for losing)\n|l|\u2606SpeedgeTheImposter\n|player|p2|\n|l|\u2606boonanar\n|player|p1|\n", "uploadtime": 1746116327, "views": 21, "formatid": "gen9vgc2025regibo3", "rating": 1069, "private": 0, "password": null}