{"id": "gen9vgc2025regibo3-2353984326", "format": "[Gen 9] VGC 2025 Reg I (Bo3)", "players": ["Jirkunow", "wimpshrimp"], "log": "|j|\u2606Jirkunow\n|j|\u2606wimpshrimp\n|html|<table width=\"100%\"><tr><td align=\"left\">Jirkunow</td><td align=\"right\">wimpshrimp</tr><tr><td align=\"left\"><i class=\"fa fa-circle-o\"></i> <i class=\"fa fa-circle-o\"></i> </td><td align=\"right\"><i class=\"fa fa-circle-o\"></i> <i class=\"fa fa-circle-o\"></i> </tr></table>\n|uhtml|bestof|<h2><strong>Game 1</strong> of <a href=\"/game-bestof3-gen9vgc2025regibo3-2353984325\">a best-of-3</a></h2>\n|t:|1746024944\n|gametype|doubles\n|player|p1|Jirkunow|dancer|1160\n|player|p2|wimpshrimp|266|1203\n|teamsize|p1|6\n|teamsize|p2|6\n|gen|9\n|tier|[Gen 9] VGC 2025 Reg I (Bo3)\n|rated|\n|rule|Species Clause: Limit one of each Pok\u00e9mon\n|rule|Item Clause: Limit 1 of each item\n|clearpoke\n|poke|p1|Miraidon, L50|\n|poke|p1|Whimsicott, L50, M|\n|poke|p1|Calyrex-Ice, L50|\n|poke|p1|Ogerpon-Cornerstone, L50, F|\n|poke|p1|Farigiraf, L50, F|\n|poke|p1|Iron Hands, L50|\n|poke|p2|Calyrex-Shadow, L50|\n|poke|p2|Miraidon, L50|\n|poke|p2|Farigiraf, L50, M|\n|poke|p2|Incineroar, L50, F|\n|poke|p2|Iron Hands, L50|\n|poke|p2|Whimsicott, L50, M|\n|teampreview|4\n|showteam|p1|Miraidon||ChoiceSpecs|HadronEngine|ElectroDrift,DracoMeteor,VoltSwitch,DazzlingGleam||||||50|,,,,,Fairy]Whimsicott||CovertCloak|Prankster|Endeavor,Tailwind,LightScreen,Encore|||M|||50|,,,,,Dark]Calyrex-Ice||ClearAmulet|AsOneGlastrier|TrickRoom,GlacialLance,Protect,HighHorsepower||||||50|,,,,,Water]Ogerpon-Cornerstone||CornerstoneMask|Sturdy|IvyCudgel,WoodHammer,FollowMe,SpikyShield|||F|||50|,,,,,Rock]Farigiraf||ElectricSeed|ArmorTail|FoulPlay,PsychicNoise,TrickRoom,HelpingHand|||F|||50|,,,,,Water]Iron Hands||AssaultVest|QuarkDrive|HeavySlam,LowKick,WildCharge,FakeOut||||||50|,,,,,Bug\n|showteam|p2|Calyrex-Shadow||FocusSash|AsOneSpectrier|Protect,Disable,AstralBarrage,Psychic||||||50|,,,,,Fairy]Miraidon||ChoiceSpecs|HadronEngine|ElectroDrift,VoltSwitch,DracoMeteor,DazzlingGleam||||||50|,,,,,Fairy]Farigiraf||ElectricSeed|ArmorTail|DazzlingGleam,PsychicNoise,TrickRoom,HelpingHand|||M|||50|,,,,,Fairy]Incineroar||SafetyGoggles|Intimidate|FakeOut,KnockOff,PartingShot,Taunt|||F|||50|,,,,,Ghost]Iron Hands||AssaultVest|QuarkDrive|DrainPunch,LowKick,WildCharge,FakeOut||||||50|,,,,,Bug]Whimsicott||CovertCloak|Prankster|Tailwind,Protect,Moonblast,Encore|||M|||50|,,,,,Dark\n|inactive|Battle timer is ON: inactive players will automatically lose when time's up. (requested by Jirkunow)\n|\n|t:|1746024976\n|start\n|switch|p1a: Miraidon|Miraidon, L50|100/100\n|switch|p1b: Whimsicott|Whimsicott, L50, M|100/100\n|switch|p2a: Incineroar|Incineroar, L50, F|100/100\n|switch|p2b: Miraidon|Miraidon, L50|100/100\n|-fieldstart|move: Electric Terrain|[from] ability: Hadron Engine|[of] p2b: Miraidon\n|-activate|p1a: Miraidon|ability: Hadron Engine\n|-ability|p2a: Incineroar|Intimidate|boost\n|-unboost|p1a: Miraidon|atk|1\n|-unboost|p1b: Whimsicott|atk|1\n|turn|1\n|c|\u2606Jirkunow|gg\n|c|\u2606Jirkunow|glhf*\n|c|\u2606Jirkunow|ahahah\n|inactive|Jirkunow has 30 seconds left.\n|inactive|Jirkunow has 20 seconds left.\n|inactive|Jirkunow has 15 seconds left.\n|inactive|Jirkunow has 10 seconds left.\n|\n|t:|1746025022\n|switch|p1a: Farigiraf|Farigiraf, L50, F|100/100\n|-enditem|p1a: Farigiraf|Electric Seed\n|-boost|p1a: Farigiraf|def|1|[from] item: Electric Seed\n|move|p2a: Incineroar|Fake Out||[still]\n|cant|p1a: Farigiraf|ability: Armor Tail|Fake Out|[of] p2a: Incineroar\n|move|p1b: Whimsicott|Light Screen|p1b: Whimsicott\n|-sidestart|p1: Jirkunow|move: Light Screen\n|move|p2b: Miraidon|Volt Switch|p1a: Farigiraf\n|-damage|p1a: Farigiraf|41/100\n|\n|t:|1746025032\n|switch|p2b: Farigiraf|Farigiraf, L50, M|100/100|[from] Volt Switch\n|-enditem|p2b: Farigiraf|Electric Seed\n|-boost|p2b: Farigiraf|def|1|[from] item: Electric Seed\n|\n|upkeep\n|turn|2\n|\n|t:|1746025052\n|switch|p1a: Miraidon|Miraidon, L50|100/100\n|-activate|p1a: Miraidon|ability: Hadron Engine\n|move|p1b: Whimsicott|Tailwind|p1b: Whimsicott\n|-sidestart|p1: Jirkunow|move: Tailwind\n|move|p2b: Farigiraf|Psychic Noise|p1b: Whimsicott\n|-damage|p1b: Whimsicott|79/100\n|move|p2a: Incineroar|Knock Off|p1b: Whimsicott\n|-resisted|p1b: Whimsicott\n|-damage|p1b: Whimsicott|53/100\n|-enditem|p1b: Whimsicott|Covert Cloak|[from] move: Knock Off|[of] p2a: Incineroar\n|\n|upkeep\n|turn|3\n|inactive|Jirkunow has 30 seconds left.\n|\n|t:|1746025086\n|move|p1b: Whimsicott|Endeavor|p2a: Incineroar\n|-damage|p2a: Incineroar|44/100\n|move|p1a: Miraidon|Electro Drift|p2a: Incineroar\n|-damage|p2a: Incineroar|0 fnt\n|faint|p2a: Incineroar\n|move|p2b: Farigiraf|Dazzling Gleam|p1a: Miraidon|[spread] p1a,p1b\n|-supereffective|p1a: Miraidon\n|-damage|p1a: Miraidon|85/100\n|-damage|p1b: Whimsicott|42/100\n|\n|upkeep\n|\n|t:|1746025096\n|switch|p2a: Calyrex|Calyrex-Shadow, L50|100/100\n|-ability|p2a: Calyrex|As One\n|-ability|p2a: Calyrex|Unnerve\n|turn|4\n|inactive|Jirkunow has 30 seconds left.\n|\n|t:|1746025130\n|move|p1b: Whimsicott|Endeavor|p2b: Farigiraf\n|-damage|p2b: Farigiraf|32/100\n|move|p1a: Miraidon|Electro Drift|p2a: Calyrex\n|-enditem|p2a: Calyrex|Focus Sash\n|-damage|p2a: Calyrex|1/100\n|move|p2a: Calyrex|Astral Barrage|p1a: Miraidon|[spread] p1a,p1b\n|-damage|p1a: Miraidon|55/100\n|-damage|p1b: Whimsicott|2/100\n|move|p2b: Farigiraf|Trick Room|p2b: Farigiraf\n|-fieldstart|move: Trick Room|[of] p2b: Farigiraf\n|\n|upkeep\n|turn|5\n|inactive|Jirkunow has 30 seconds left.\n|\n|t:|1746025161\n|switch|p1b: Farigiraf|Farigiraf, L50, F|41/100\n|move|p2b: Farigiraf|Dazzling Gleam|p1b: Farigiraf|[spread] p1a,p1b\n|-supereffective|p1a: Miraidon\n|-damage|p1a: Miraidon|38/100\n|-damage|p1b: Farigiraf|32/100\n|move|p2a: Calyrex|Astral Barrage|p1b: Farigiraf|[spread] p1a\n|-immune|p1b: Farigiraf\n|-damage|p1a: Miraidon|5/100\n|move|p1a: Miraidon|Electro Drift|p2b: Farigiraf\n|-damage|p2b: Farigiraf|0 fnt\n|faint|p2b: Farigiraf\n|\n|-sideend|p1: Jirkunow|move: Light Screen\n|-sideend|p1: Jirkunow|move: Tailwind\n|-fieldend|move: Electric Terrain\n|upkeep\n|\n|t:|1746025173\n|switch|p2b: Miraidon|Miraidon, L50|100/100\n|-fieldstart|move: Electric Terrain|[from] ability: Hadron Engine|[of] p2b: Miraidon\n|turn|6\n|inactive|Jirkunow has 30 seconds left.\n|\n|t:|1746025202\n|-terastallize|p2b: Miraidon|Fairy\n|move|p2a: Calyrex|Protect|p2a: Calyrex\n|-singleturn|p2a: Calyrex|Protect\n|move|p1b: Farigiraf|Foul Play|p2a: Calyrex\n|-activate|p2a: Calyrex|move: Protect\n|move|p1a: Miraidon|Electro Drift|p2b: Miraidon\n|-damage|p2b: Miraidon|0 fnt\n|faint|p2b: Miraidon\n|\n|upkeep\n|turn|7\n|-message|wimpshrimp forfeited.\n|\n|win|Jirkunow\n|l|\u2606wimpshrimp\n|player|p2|\n||wimpshrimp is ready for game 2.\n||Jirkunow is ready for game 2.\n|uhtml|next|Next: <a href=\"/battle-gen9vgc2025regibo3-2353987475\"><strong>Game 2 of 3</strong></a>\n", "uploadtime": 1746025242, "views": 8, "formatid": "gen9vgc2025regibo3", "rating": null, "private": 0, "password": null}