{"id": "gen9vgc2025regibo3-2354451883", "format": "[Gen 9] VGC 2025 Reg I (Bo3)", "players": ["TheParasectKing", "Vgcgen"], "log": "|j|\u2606TheParasectKing\n|j|\u2606Vgcgen\n|html|<table width=\"100%\"><tr><td align=\"left\">TheParasectKing</td><td align=\"right\">Vgcgen</tr><tr><td align=\"left\"><i class=\"fa fa-circle\"></i> <i class=\"fa fa-circle-o\"></i> </td><td align=\"right\"><i class=\"fa fa-circle-o\"></i> <i class=\"fa fa-circle\"></i> </tr></table>\n|uhtml|bestof|<h2><strong>Game 3</strong> of <a href=\"/game-bestof3-gen9vgc2025regibo3-2354450219\">a best-of-3</a></h2>\n|t:|1746073662\n|gametype|doubles\n|player|p1|TheParasectKing|acetrainer-gen4dp|1101\n|player|p2|Vgcgen|169|1133\n|teamsize|p1|6\n|teamsize|p2|6\n|gen|9\n|tier|[Gen 9] VGC 2025 Reg I (Bo3)\n|rated|\n|rule|Species Clause: Limit one of each Pok\u00e9mon\n|rule|Item Clause: Limit 1 of each item\n|clearpoke\n|poke|p1|Koraidon, L50|\n|poke|p1|Tornadus, L50, M|\n|poke|p1|Flutter Mane, L50|\n|poke|p1|Zacian-*, L50|\n|poke|p1|Chi-Yu, L50|\n|poke|p1|Walking Wake, L50|\n|poke|p2|Kyogre, L50|\n|poke|p2|Miraidon, L50|\n|poke|p2|Volcarona, L50, M|\n|poke|p2|Farigiraf, L50, M|\n|poke|p2|Tornadus, L50, M|\n|poke|p2|Urshifu-*, L50, M|\n|teampreview|4\n|showteam|p1|Koraidon||ClearAmulet|OrichalcumPulse|CloseCombat,FlareBlitz,FlameCharge,Protect||||||50|,,,,,Fire]Tornadus||CovertCloak|Prankster|Tailwind,BleakwindStorm,SunnyDay,Protect|||M|||50|,,,,,Dark]Flutter Mane||ChoiceSpecs|Protosynthesis|Moonblast,ShadowBall,DazzlingGleam,Thunderbolt||||||50|,,,,,Dark]Zacian-Crowned||RustedSword|IntrepidSword|behemothblade,PlayRough,SacredSword,Protect||||||50|,,,,,Water]Chi-Yu||FocusSash|BeadsofRuin|HeatWave,DarkPulse,Taunt,Protect||||||50|,,,,,Ghost]Walking Wake||ChoiceScarf|Protosynthesis|HydroSteam,DragonPulse,Snarl,FlipTurn||||||50|,,,,,Grass\n|showteam|p2|Kyogre||MysticWater|Drizzle|OriginPulse,Protect,IceBeam,WaterSpout||||||50|,,,,,Grass]Miraidon||ChoiceSpecs|HadronEngine|ElectroDrift,DazzlingGleam,VoltSwitch,DracoMeteor||||||50|,,,,,Fairy]Volcarona||RockyHelmet|FlameBody|RagePowder,StruggleBug,Tailwind,WillOWisp|||M|||50|,,,,,Grass]Farigiraf||ElectricSeed|ArmorTail|TrickRoom,Psychic,HelpingHand,FoulPlay|||M|||50|,,,,,Water]Tornadus||CovertCloak|Prankster|BleakwindStorm,RainDance,Tailwind,Taunt|||M|||50|,,,,,Dark]Urshifu-Rapid-Strike||ChoiceScarf|UnseenFist|SurgingStrikes,CloseCombat,Uturn,IceSpinner|||M|||50|,,,,,Water\n|inactive|Battle timer is ON: inactive players will automatically lose when time's up. (requested by TheParasectKing)\n|\n|t:|1746073682\n|start\n|switch|p1a: Tornadus|Tornadus, L50, M|100/100\n|switch|p1b: Zacian|Zacian-Crowned, L50|100/100\n|switch|p2a: Farigiraf|Farigiraf, L50, M|100/100\n|switch|p2b: Miraidon|Miraidon, L50|100/100\n|-ability|p1b: Zacian|Intrepid Sword|boost\n|-boost|p1b: Zacian|atk|1\n|-fieldstart|move: Electric Terrain|[from] ability: Hadron Engine|[of] p2b: Miraidon\n|-enditem|p2a: Farigiraf|Electric Seed\n|-boost|p2a: Farigiraf|def|1|[from] item: Electric Seed\n|turn|1\n|\n|t:|1746073701\n|move|p1b: Zacian|Behemoth Blade|p2a: Farigiraf\n|-damage|p2a: Farigiraf|39/100\n|move|p2b: Miraidon|Volt Switch|p1a: Tornadus\n|-supereffective|p1a: Tornadus\n|-damage|p1a: Tornadus|0 fnt\n|faint|p1a: Tornadus\n|\n|t:|1746073713\n|switch|p2b: Kyogre|Kyogre, L50|100/100|[from] Volt Switch\n|-weather|RainDance|[from] ability: Drizzle|[of] p2b: Kyogre\n|move|p2a: Farigiraf|Trick Room|p2a: Farigiraf\n|-fieldstart|move: Trick Room|[of] p2a: Farigiraf\n|\n|-weather|RainDance|[upkeep]\n|upkeep\n|\n|t:|1746073717\n|switch|p1a: Koraidon|Koraidon, L50|100/100\n|-weather|SunnyDay|[from] ability: Orichalcum Pulse|[of] p1a: Koraidon\n|-activate|p1a: Koraidon|Orichalcum Pulse|[source]\n|turn|2\n|inactive|Vgcgen has 30 seconds left.\n|\n|t:|1746073745\n|move|p1a: Koraidon|Protect|p1a: Koraidon\n|-singleturn|p1a: Koraidon|Protect\n|move|p2a: Farigiraf|Psychic|p1a: Koraidon\n|-activate|p1a: Koraidon|move: Protect\n|move|p2b: Kyogre|Ice Beam|p1a: Koraidon\n|-activate|p1a: Koraidon|move: Protect\n|move|p1b: Zacian|Play Rough|p2b: Kyogre\n|-damage|p2b: Kyogre|16/100\n|\n|-weather|SunnyDay|[upkeep]\n|upkeep\n|turn|3\n|inactive|TheParasectKing has 30 seconds left.\n|inactive|TheParasectKing has 20 seconds left.\n|inactive|TheParasectKing has 15 seconds left.\n|inactive|TheParasectKing has 10 seconds left.\n|inactive|TheParasectKing has 5 seconds left.\n|\n|t:|1746073800\n|move|p2a: Farigiraf|Psychic|p1a: Koraidon\n|-supereffective|p1a: Koraidon\n|-damage|p1a: Koraidon|22/100\n|move|p2b: Kyogre|Ice Beam|p1a: Koraidon\n|-supereffective|p1a: Koraidon\n|-damage|p1a: Koraidon|0 fnt\n|faint|p1a: Koraidon\n|move|p1b: Zacian|Behemoth Blade|p2b: Kyogre\n|-resisted|p2b: Kyogre\n|-damage|p2b: Kyogre|0 fnt\n|faint|p2b: Kyogre\n|\n|-weather|SunnyDay|[upkeep]\n|upkeep\n|\n|t:|1746073818\n|switch|p2b: Tornadus|Tornadus, L50, M|100/100\n|switch|p1a: Flutter Mane|Flutter Mane, L50|100/100\n|-activate|p1a: Flutter Mane|ability: Protosynthesis\n|-start|p1a: Flutter Mane|protosynthesisspe\n|turn|4\n|inactive|Vgcgen has 30 seconds left.\n|\n|t:|1746073849\n|move|p2a: Farigiraf|Foul Play|p1a: Flutter Mane\n|-damage|p1a: Flutter Mane|80/100\n|move|p2b: Tornadus|Bleakwind Storm|p1a: Flutter Mane|[spread] p1a,p1b\n|-resisted|p1b: Zacian\n|-damage|p1a: Flutter Mane|45/100\n|-damage|p1b: Zacian|85/100\n|-unboost|p1a: Flutter Mane|spe|1\n|move|p1a: Flutter Mane|Dazzling Gleam|p2a: Farigiraf|[spread] p2a,p2b\n|-damage|p2a: Farigiraf|0 fnt\n|-damage|p2b: Tornadus|42/100\n|faint|p2a: Farigiraf\n|move|p1b: Zacian|Behemoth Blade|p2b: Tornadus\n|-damage|p2b: Tornadus|0 fnt\n|faint|p2b: Tornadus\n|\n|-weather|SunnyDay|[upkeep]\n|upkeep\n|\n|t:|1746073865\n|switch|p2a: Miraidon|Miraidon, L50|100/100\n|-activate|p2a: Miraidon|ability: Hadron Engine\n|turn|5\n|inactive|Vgcgen has 30 seconds left.\n|inactive|Vgcgen has 20 seconds left.\n|inactive|Vgcgen has 15 seconds left.\n|\n|t:|1746073906\n|-terastallize|p2a: Miraidon|Fairy\n|move|p1b: Zacian|Protect|p1b: Zacian\n|-singleturn|p1b: Zacian|Protect\n|move|p1a: Flutter Mane|Dazzling Gleam|p2a: Miraidon\n|-damage|p2a: Miraidon|47/100\n|move|p2a: Miraidon|Electro Drift|p1b: Zacian\n|-activate|p1b: Zacian|move: Protect\n|\n|-weather|SunnyDay|[upkeep]\n|-fieldend|move: Trick Room\n|-fieldend|move: Electric Terrain\n|upkeep\n|turn|6\n|\n|t:|1746073916\n|move|p1b: Zacian|Behemoth Blade|p2a: Miraidon\n|-supereffective|p2a: Miraidon\n|-damage|p2a: Miraidon|0 fnt\n|faint|p2a: Miraidon\n|\n|win|TheParasectKing\n|raw|TheParasectKing's rating: 1101 &rarr; <strong>1128</strong><br />(+27 for winning)\n|raw|Vgcgen's rating: 1133 &rarr; <strong>1106</strong><br />(-27 for losing)\n|c|\u2606TheParasectKing|ggwp\n", "uploadtime": 1746073921, "views": 18, "formatid": "gen9vgc2025regibo3", "rating": 1106, "private": 0, "password": null}