{"id": "gen9vgc2025regibo3-2354074050", "format": "[Gen 9] VGC 2025 Reg I (Bo3)", "players": ["Black urshifu stan", "testingteams1010"], "log": "|j|\u2606Black urshifu stan\n|j|\u2606testingteams1010\n|html|<table width=\"100%\"><tr><td align=\"left\">Black urshifu stan</td><td align=\"right\">testingteams1010</tr><tr><td align=\"left\"><i class=\"fa fa-circle\"></i> <i class=\"fa fa-circle-o\"></i> </td><td align=\"right\"><i class=\"fa fa-circle-o\"></i> <i class=\"fa fa-circle\"></i> </tr></table>\n|uhtml|bestof|<h2><strong>Game 3</strong> of <a href=\"/game-bestof3-gen9vgc2025regibo3-2354071140\">a best-of-3</a></h2>\n|t:|1746032625\n|gametype|doubles\n|player|p1|Black urshifu stan|2|1339\n|player|p2|testingteams1010|170|1335\n|teamsize|p1|6\n|teamsize|p2|6\n|gen|9\n|tier|[Gen 9] VGC 2025 Reg I (Bo3)\n|rated|\n|rule|Species Clause: Limit one of each Pok\u00e9mon\n|rule|Item Clause: Limit 1 of each item\n|clearpoke\n|poke|p1|Calyrex-Ice, L50|\n|poke|p1|Miraidon, L50|\n|poke|p1|Incineroar, L50, F|\n|poke|p1|Farigiraf, L50, F|\n|poke|p1|Urshifu-*, L50, F|\n|poke|p1|Iron Hands, L50|\n|poke|p2|Miraidon, L50|\n|poke|p2|Grimmsnarl, L50, M|\n|poke|p2|Iron Hands, L50|\n|poke|p2|Volcarona, L50, M|\n|poke|p2|Ditto, L50|\n|poke|p2|Zamazenta-*, L50|\n|teampreview|4\n|showteam|p1|Calyrex-Ice||ClearAmulet|AsOneGlastrier|GlacialLance,HighHorsepower,TrickRoom,Protect||||||50|,,,,,Water]Miraidon||ChoiceSpecs|HadronEngine|VoltSwitch,ElectroDrift,DracoMeteor,DazzlingGleam||||||50|,,,,,Fairy]Incineroar||CovertCloak|Intimidate|FakeOut,KnockOff,WillOWisp,PartingShot|||F|||50|,,,,,Fairy]Farigiraf||ElectricSeed|ArmorTail|FoulPlay,PsychicNoise,TrickRoom,HelpingHand|||F|||50|,,,,,Dark]Urshifu-Rapid-Strike||ChoiceScarf|UnseenFist|SurgingStrikes,CloseCombat,Uturn,AquaJet|||F|||50|,,,,,Water]Iron Hands||AssaultVest|QuarkDrive|FakeOut,DrainPunch,LowKick,WildCharge||||||50|,,,,,Water\n|showteam|p2|Miraidon||ChoiceSpecs|HadronEngine|ElectroDrift,DracoMeteor,DazzlingGleam,VoltSwitch||||||50|,,,,,Fairy]Grimmsnarl||LightClay|Prankster|FoulPlay,ThunderWave,LightScreen,Reflect|||M|||50|,,,,,Ghost]Iron Hands||AssaultVest|QuarkDrive|DrainPunch,WildCharge,VoltSwitch,FakeOut||||||50|,,,,,Water]Volcarona||Leftovers|FlameBody|FieryDance,QuiverDance,StruggleBug,Protect|||M|||50|,,,,,Grass]Ditto||FocusSash|Imposter|Transform||||||50|,,,,,Normal]Zamazenta-Crowned||RustedShield|DauntlessShield|BodyPress,behemothbash,WideGuard,Protect||||||50|,,,,,Dragon\n|inactive|Battle timer is ON: inactive players will automatically lose when time's up. (requested by Black urshifu stan)\n|\n|t:|1746032650\n|start\n|switch|p1a: Urshifu|Urshifu-Rapid-Strike, L50, F|100/100\n|switch|p1b: Miraidon|Miraidon, L50|100/100\n|switch|p2a: Miraidon|Miraidon, L50|100/100\n|switch|p2b: Iron Hands|Iron Hands, L50, shiny|100/100\n|-fieldstart|move: Electric Terrain|[from] ability: Hadron Engine|[of] p2a: Miraidon\n|-activate|p2b: Iron Hands|ability: Quark Drive\n|-start|p2b: Iron Hands|quarkdriveatk\n|-activate|p1b: Miraidon|ability: Hadron Engine\n|turn|1\n|\n|t:|1746032669\n|switch|p1b: Iron Hands|Iron Hands, L50|100/100\n|-activate|p1b: Iron Hands|ability: Quark Drive\n|-start|p1b: Iron Hands|quarkdriveatk\n|move|p2b: Iron Hands|Fake Out|p1b: Iron Hands\n|-damage|p1b: Iron Hands|86/100\n|move|p1a: Urshifu|Close Combat|p2a: Miraidon\n|-damage|p2a: Miraidon|32/100\n|-unboost|p1a: Urshifu|def|1\n|-unboost|p1a: Urshifu|spd|1\n|move|p2a: Miraidon|Volt Switch|p1a: Urshifu\n|-supereffective|p1a: Urshifu\n|-damage|p1a: Urshifu|0 fnt\n|faint|p1a: Urshifu\n|inactive|testingteams1010 has 30 seconds left.\n|inactive|testingteams1010 has 20 seconds left.\n|inactive|testingteams1010 has 15 seconds left.\n|inactive|testingteams1010 has 10 seconds left.\n|\n|t:|1746032719\n|switch|p2a: Zamazenta|Zamazenta-Crowned, L50, shiny|100/100|[from] Volt Switch\n|-ability|p2a: Zamazenta|Dauntless Shield|boost\n|-boost|p2a: Zamazenta|def|1\n|\n|upkeep\n|\n|t:|1746032727\n|switch|p1a: Miraidon|Miraidon, L50|100/100\n|-activate|p1a: Miraidon|ability: Hadron Engine\n|turn|2\n|\n|t:|1746032741\n|-terastallize|p1a: Miraidon|Fairy\n|-terastallize|p2a: Zamazenta|Dragon\n|move|p1a: Miraidon|Dazzling Gleam|p2a: Zamazenta|[spread] p2a,p2b\n|-supereffective|p2a: Zamazenta\n|-supereffective|p2b: Iron Hands\n|-damage|p2a: Zamazenta|5/100\n|-damage|p2b: Iron Hands|33/100\n|move|p2a: Zamazenta|Body Press|p1a: Miraidon\n|-resisted|p1a: Miraidon\n|-damage|p1a: Miraidon|65/100\n|move|p2b: Iron Hands|Wild Charge|p1a: Miraidon\n|-damage|p1a: Miraidon|0 fnt\n|faint|p1a: Miraidon\n|-damage|p2b: Iron Hands|19/100|[from] Recoil\n|move|p1b: Iron Hands|Low Kick|p2a: Zamazenta\n|-damage|p2a: Zamazenta|0 fnt\n|faint|p2a: Zamazenta\n|\n|upkeep\n|\n|t:|1746032753\n|switch|p1a: Calyrex|Calyrex-Ice, L50|100/100\n|switch|p2a: Miraidon|Miraidon, L50|32/100\n|-ability|p1a: Calyrex|As One\n|-ability|p1a: Calyrex|Unnerve\n|-activate|p2a: Miraidon|ability: Hadron Engine\n|turn|3\n|inactive|testingteams1010 has 30 seconds left.\n|inactive|testingteams1010 has 20 seconds left.\n|inactive|testingteams1010 has 15 seconds left.\n|inactive|testingteams1010 has 10 seconds left.\n|\n|t:|1746032801\n|move|p2a: Miraidon|Electro Drift|p1a: Calyrex\n|-damage|p1a: Calyrex|15/100\n|move|p2b: Iron Hands|Drain Punch|p1b: Iron Hands\n|-damage|p1b: Iron Hands|48/100\n|-heal|p2b: Iron Hands|38/100|[from] drain|[of] p1b: Iron Hands\n|move|p1b: Iron Hands|Drain Punch|p2a: Miraidon\n|-damage|p2a: Miraidon|0 fnt\n|-heal|p1b: Iron Hands|60/100|[from] drain|[of] p2a: Miraidon\n|faint|p2a: Miraidon\n|move|p1a: Calyrex|Trick Room|p1a: Calyrex\n|-fieldstart|move: Trick Room|[of] p1a: Calyrex\n|\n|upkeep\n|\n|t:|1746032806\n|switch|p2a: Ditto|Ditto, L50, shiny|100/100\n|-transform|p2a: Ditto|p1b: Iron Hands|[from] ability: Imposter\n|turn|4\n|\n|t:|1746032825\n|move|p2a: Ditto|Fake Out|p1b: Iron Hands\n|-damage|p1b: Iron Hands|49/100\n|cant|p1b: Iron Hands|flinch\n|move|p1a: Calyrex|Glacial Lance|p2b: Iron Hands|[spread] p2a,p2b\n|-damage|p2a: Ditto|40/100\n|-damage|p2b: Iron Hands|0 fnt\n|faint|p2b: Iron Hands\n|-end|p2b: Iron Hands|Quark Drive|[silent]\n|-ability|p1a: Calyrex|Chilling Neigh|boost\n|-boost|p1a: Calyrex|atk|1\n|\n|upkeep\n|turn|5\n|-message|testingteams1010 forfeited.\n|\n|win|Black urshifu stan\n|raw|Black urshifu stan's rating: 1339 &rarr; <strong>1359</strong><br />(+20 for winning)\n|raw|testingteams1010's rating: 1335 &rarr; <strong>1315</strong><br />(-20 for losing)\n|l|\u2606Black urshifu stan\n|player|p1|\n|l|\u2606testingteams1010\n|player|p2|\n", "uploadtime": 1746033130, "views": 13, "formatid": "gen9vgc2025regibo3", "rating": 1315, "private": 0, "password": null}