{"id": "gen9vgc2025regibo3-2354445042", "format": "[Gen 9] VGC 2025 Reg I (Bo3)", "players": ["byebyebirdie1", "The Final Don"], "log": "|j|\u2606byebyebirdie1\n|j|\u2606The Final Don\n|html|<table width=\"100%\"><tr><td align=\"left\">byebyebirdie1</td><td align=\"right\">The Final Don</tr><tr><td align=\"left\"><i class=\"fa fa-circle-o\"></i> <i class=\"fa fa-circle-o\"></i> </td><td align=\"right\"><i class=\"fa fa-circle-o\"></i> <i class=\"fa fa-circle-o\"></i> </tr></table>\n|uhtml|bestof|<h2><strong>Game 1</strong> of <a href=\"/game-bestof3-gen9vgc2025regibo3-2354445041\">a best-of-3</a></h2>\n|t:|1746072654\n|gametype|doubles\n|player|p1|byebyebirdie1|169|1317\n|player|p2|The Final Don|miku-fairy|1281\n|teamsize|p1|6\n|teamsize|p2|6\n|gen|9\n|tier|[Gen 9] VGC 2025 Reg I (Bo3)\n|rated|\n|rule|Species Clause: Limit one of each Pok\u00e9mon\n|rule|Item Clause: Limit 1 of each item\n|clearpoke\n|poke|p1|Calyrex-Shadow, L50|\n|poke|p1|Chien-Pao, L50|\n|poke|p1|Rillaboom, L50, M|\n|poke|p1|Zamazenta-*, L50|\n|poke|p1|Incineroar, L50, F|\n|poke|p1|Farigiraf, L50, F|\n|poke|p2|Groudon, L50|\n|poke|p2|Zacian-*, L50|\n|poke|p2|Chien-Pao, L50|\n|poke|p2|Entei, L50|\n|poke|p2|Raging Bolt, L50|\n|poke|p2|Walking Wake, L50|\n|teampreview|4\n|showteam|p1|Calyrex-Shadow||CovertCloak|AsOneSpectrier|AstralBarrage,Protect,NastyPlot,DrainingKiss||||||50|,,,,,Fairy]Chien-Pao||FocusSash|SwordofRuin|IcicleCrash,ThroatChop,SuckerPunch,Protect||||||50|,,,,,Stellar]Rillaboom||AssaultVest|GrassySurge|WoodHammer,FakeOut,GrassyGlide,Uturn|||M|||50|,,,,,Fire]Zamazenta-Crowned||RustedShield|DauntlessShield|behemothbash,BodyPress,WideGuard,Protect||||||50|,,,,,Dragon]Incineroar||RockyHelmet|Intimidate|FakeOut,WillOWisp,PartingShot,KnockOff|||F|||50|,,,,,Bug]Farigiraf||SafetyGoggles|ArmorTail|TrickRoom,FoulPlay,Psychic,HelpingHand|||F|||50|,,,,,Water\n|showteam|p2|Groudon||ClearAmulet|Drought|PrecipiceBlades,HighHorsepower,HeatCrash,Protect||||||50|,,,,,Fire]Zacian-Crowned||RustedSword|IntrepidSword|behemothblade,PlayRough,SacredSword,Protect||||||50|,,,,,Fairy]Chien-Pao||FocusSash|SwordofRuin|SuckerPunch,ThroatChop,IceSpinner,Protect||||||50|,,,,,Ghost]Entei||ChoiceBand|InnerFocus|ExtremeSpeed,SacredFire,FlareBlitz,StoneEdge||||||50|,,,,,Normal]Raging Bolt||AssaultVest|Protosynthesis|Thunderclap,Thunderbolt,DracoMeteor,Electroweb||||||50|,,,,,Bug]Walking Wake||LifeOrb|Protosynthesis|HydroSteam,DragonPulse,Snarl,Protect||||||50|,,,,,Ghost\n|inactive|Battle timer is ON: inactive players will automatically lose when time's up. (requested by The Final Don)\n|inactive|byebyebirdie1 has 60 seconds left.\n|inactive|The Final Don has 60 seconds left.\n|\n|t:|1746072709\n|start\n|switch|p1a: Chien-Pao|Chien-Pao, L50|100/100\n|switch|p1b: Zamazenta|Zamazenta-Crowned, L50|100/100\n|switch|p2a: Zacian|Zacian-Crowned, L50|100/100\n|switch|p2b: Chien-Pao|Chien-Pao, L50|100/100\n|-ability|p2a: Zacian|Intrepid Sword|boost\n|-boost|p2a: Zacian|atk|1\n|-ability|p1a: Chien-Pao|Sword of Ruin\n|-ability|p2b: Chien-Pao|Sword of Ruin\n|-ability|p1b: Zamazenta|Dauntless Shield|boost\n|-boost|p1b: Zamazenta|def|1\n|turn|1\n|\n|t:|1746072726\n|switch|p1a: Incineroar|Incineroar, L50, F|100/100\n|-ability|p1a: Incineroar|Intimidate|boost\n|-unboost|p2a: Zacian|atk|1\n|-unboost|p2b: Chien-Pao|atk|1\n|move|p2a: Zacian|Protect|p2a: Zacian\n|-singleturn|p2a: Zacian|Protect\n|move|p2b: Chien-Pao|Throat Chop|p1a: Incineroar\n|-resisted|p1a: Incineroar\n|-damage|p1a: Incineroar|86/100\n|-start|p1a: Incineroar|Throat Chop|[silent]\n|-damage|p2b: Chien-Pao|84/100|[from] item: Rocky Helmet|[of] p1a: Incineroar\n|move|p1b: Zamazenta|Body Press|p2a: Zacian\n|-activate|p2a: Zacian|move: Protect\n|\n|upkeep\n|turn|2\n|\n|t:|1746072751\n|switch|p2a: Groudon|Groudon, L50|100/100\n|-weather|SunnyDay|[from] ability: Drought|[of] p2a: Groudon\n|move|p2b: Chien-Pao|Protect|p2b: Chien-Pao\n|-singleturn|p2b: Chien-Pao|Protect\n|move|p1b: Zamazenta|Body Press|p2a: Groudon\n|-damage|p2a: Groudon|44/100\n|move|p1a: Incineroar|Will-O-Wisp|p2a: Groudon\n|-status|p2a: Groudon|brn\n|\n|-weather|SunnyDay|[upkeep]\n|-damage|p2a: Groudon|38/100 brn|[from] brn\n|-end|p1a: Incineroar|Throat Chop|[silent]\n|upkeep\n|turn|3\n|\n|t:|1746072772\n|move|p2b: Chien-Pao|Throat Chop|p1b: Zamazenta\n|-resisted|p1b: Zamazenta\n|-damage|p1b: Zamazenta|93/100\n|-start|p1b: Zamazenta|Throat Chop|[silent]\n|move|p1b: Zamazenta|Body Press|p2a: Groudon\n|-damage|p2a: Groudon|0 fnt\n|faint|p2a: Groudon\n|move|p1a: Incineroar|Parting Shot|p2b: Chien-Pao\n|-unboost|p2b: Chien-Pao|atk|1\n|-unboost|p2b: Chien-Pao|spa|1\n|-message|The Final Don forfeited.\n|\n|win|byebyebirdie1\n||The Final Don is ready for game 2.\n", "uploadtime": 1746072781, "views": 11, "formatid": "gen9vgc2025regibo3", "rating": null, "private": 0, "password": null}