{"id": "gen9vgc2025regibo3-2354238922", "format": "[Gen 9] VGC 2025 Reg I (Bo3)", "players": ["Geracles91", "NoMoreRegG"], "log": "|j|\u2606Geracles91\n|j|\u2606NoMoreRegG\n|html|<table width=\"100%\"><tr><td align=\"left\">Geracles91</td><td align=\"right\">NoMoreRegG</tr><tr><td align=\"left\"><i class=\"fa fa-circle-o\"></i> <i class=\"fa fa-circle-o\"></i> </td><td align=\"right\"><i class=\"fa fa-circle-o\"></i> <i class=\"fa fa-circle-o\"></i> </tr></table>\n|uhtml|bestof|<h2><strong>Game 1</strong> of <a href=\"/game-bestof3-gen9vgc2025regibo3-2354238921\">a best-of-3</a></h2>\n|t:|1746047904\n|gametype|doubles\n|player|p1|Geracles91|169|1129\n|player|p2|NoMoreRegG|scientist-gen4dp|1108\n|teamsize|p1|6\n|teamsize|p2|6\n|gen|9\n|tier|[Gen 9] VGC 2025 Reg I (Bo3)\n|rated|\n|rule|Species Clause: Limit one of each Pok\u00e9mon\n|rule|Item Clause: Limit 1 of each item\n|clearpoke\n|poke|p1|Lunala, L50|\n|poke|p1|Kyogre, L50|\n|poke|p1|Indeedee-F, L50, F|\n|poke|p1|Sylveon, L50, M|\n|poke|p1|Tornadus, L50, M|\n|poke|p1|Urshifu-*, L50, M|\n|poke|p2|Ho-Oh, L50|\n|poke|p2|Rillaboom, L50, M|\n|poke|p2|Incineroar, L50, F|\n|poke|p2|Lunala, L50|\n|poke|p2|Scream Tail, L50|\n|poke|p2|Ogerpon-Cornerstone, L50, F|\n|teampreview|4\n|showteam|p1|Lunala||Leftovers|ShadowShield|MoongeistBeam,ExpandingForce,WideGuard,Protect||||||50|,,,,,Fairy]Kyogre||MysticWater|Drizzle|WaterSpout,OriginPulse,IceBeam,Protect||||||50|,,,,,Grass]Indeedee-F||PsychicSeed|PsychicSurge|FollowMe,HelpingHand,TrickRoom,ShadowBall|||F|||50|,,,,,Fairy]Sylveon||ThroatSpray|Pixilate|HyperVoice,TeraBlast,CalmMind,Protect|||M|||50|,,,,,Fire]Tornadus||CovertCloak|Prankster|BleakwindStorm,Taunt,Tailwind,Protect|||M|||50|,,,,,Ground]Urshifu||ChoiceScarf|UnseenFist|WickedBlow,CloseCombat,PoisonJab,Detect|||M|||50|,,,,,Grass\n|showteam|p2|Ho-Oh||ClearAmulet|Regenerator|SacredFire,BraveBird,Tailwind,Protect||||||50|,,,,,Grass]Rillaboom||AssaultVest|GrassySurge|FakeOut,GrassyGlide,Uturn,WoodHammer|||M|||50|,,,,,Fire]Incineroar||SafetyGoggles|Intimidate|FlareBlitz,WillOWisp,PartingShot,FakeOut|||F|||50|,,,,,Ghost]Lunala||Leftovers|ShadowShield|MoongeistBeam,Moonblast,CalmMind,Protect||||||50|,,,,,Fairy]Scream Tail||BoosterEnergy|Protosynthesis|RockTomb,Encore,Disable,Protect||||||50|,,,,,Grass]Ogerpon-Cornerstone||CornerstoneMask|Sturdy|IvyCudgel,PowerWhip,FollowMe,SpikyShield|||F|||50|,,,,,Rock\n|\n|t:|1746047979\n|start\n|switch|p1a: Indeedee|Indeedee-F, L50, F|100/100\n|switch|p1b: Lunala|Lunala, L50|100/100\n|switch|p2a: Lunala|Lunala, L50|100/100\n|switch|p2b: Ogerpon|Ogerpon-Cornerstone, L50, F|100/100\n|-fieldstart|move: Psychic Terrain|[from] ability: Psychic Surge|[of] p1a: Indeedee\n|-enditem|p1a: Indeedee|Psychic Seed\n|-boost|p1a: Indeedee|spd|1|[from] item: Psychic Seed\n|turn|1\n|inactive|Battle timer is ON: inactive players will automatically lose when time's up. (requested by Geracles91)\n|inactive|NoMoreRegG has 60 seconds left.\n|inactive|NoMoreRegG has 30 seconds left.\n|inactive|NoMoreRegG has 20 seconds left.\n|inactive|NoMoreRegG has 15 seconds left.\n|inactive|NoMoreRegG has 10 seconds left.\n|inactive|NoMoreRegG has 5 seconds left.\n|\n|t:|1746048161\n|move|p1a: Indeedee|Follow Me|p1a: Indeedee\n|-singleturn|p1a: Indeedee|move: Follow Me\n|move|p2b: Ogerpon|Ivy Cudgel|p1a: Indeedee|[anim] Ivy Cudgel Rock\n|-crit|p1a: Indeedee\n|-damage|p1a: Indeedee|11/100\n|move|p2a: Lunala|Moongeist Beam|p1a: Indeedee\n|-immune|p1a: Indeedee\n|move|p1b: Lunala|Expanding Force|p2a: Lunala|[spread] p2a,p2b\n|-resisted|p2a: Lunala\n|-damage|p2a: Lunala|90/100\n|-damage|p2b: Ogerpon|26/100\n|\n|-heal|p2a: Lunala|96/100|[from] item: Leftovers\n|upkeep\n|turn|2\n|inactive|NoMoreRegG has 30 seconds left.\n|inactive|NoMoreRegG has 20 seconds left.\n|inactive|NoMoreRegG has 15 seconds left.\n|inactive|NoMoreRegG has 10 seconds left.\n|inactive|NoMoreRegG has 5 seconds left.\n|\n|t:|1746048216\n|move|p1a: Indeedee|Follow Me|p1a: Indeedee\n|-singleturn|p1a: Indeedee|move: Follow Me\n|move|p2b: Ogerpon|Ivy Cudgel|p1a: Indeedee|[anim] Ivy Cudgel Rock\n|-damage|p1a: Indeedee|0 fnt\n|faint|p1a: Indeedee\n|move|p2a: Lunala|Moongeist Beam|p1b: Lunala\n|-supereffective|p1b: Lunala\n|-damage|p1b: Lunala|33/100\n|move|p1b: Lunala|Expanding Force|p2a: Lunala|[spread] p2a,p2b\n|-resisted|p2a: Lunala\n|-damage|p2a: Lunala|75/100\n|-damage|p2b: Ogerpon|0 fnt\n|faint|p2b: Ogerpon\n|\n|-heal|p2a: Lunala|82/100|[from] item: Leftovers\n|-heal|p1b: Lunala|39/100|[from] item: Leftovers\n|upkeep\n|inactive|NoMoreRegG has 30 seconds left.\n|inactive|NoMoreRegG has 20 seconds left.\n|-message|NoMoreRegG forfeited.\n|\n|win|Geracles91\n|l|\u2606NoMoreRegG\n|player|p2|\n||NoMoreRegG is ready for game 2.\n||Geracles91 is ready for game 2.\n|uhtml|next|Next: <a href=\"/battle-gen9vgc2025regibo3-2354242317\"><strong>Game 2 of 3</strong></a>\n", "uploadtime": 1746048392, "views": 6, "formatid": "gen9vgc2025regibo3", "rating": null, "private": 0, "password": null}