{"id": "gen9vgc2025regibo3-2354474546", "format": "[Gen 9] VGC 2025 Reg I (Bo3)", "players": ["Meakashi_Shion", "MaxYoo"], "log": "|j|\u2606Meakashi_Shion\n|j|\u2606MaxYoo\n|html|<table width=\"100%\"><tr><td align=\"left\">Meakashi_Shion</td><td align=\"right\">MaxYoo</tr><tr><td align=\"left\"><i class=\"fa fa-circle-o\"></i> <i class=\"fa fa-circle-o\"></i> </td><td align=\"right\"><i class=\"fa fa-circle-o\"></i> <i class=\"fa fa-circle-o\"></i> </tr></table>\n|uhtml|bestof|<h2><strong>Game 1</strong> of <a href=\"/game-bestof3-gen9vgc2025regibo3-2354474545\">a best-of-3</a></h2>\n|t:|1746077523\n|gametype|doubles\n|player|p1|Meakashi_Shion|hugh|1098\n|player|p2|MaxYoo|170|1157\n|teamsize|p1|6\n|teamsize|p2|6\n|gen|9\n|tier|[Gen 9] VGC 2025 Reg I (Bo3)\n|rated|\n|rule|Species Clause: Limit one of each Pok\u00e9mon\n|rule|Item Clause: Limit 1 of each item\n|clearpoke\n|poke|p1|Koraidon, L50|\n|poke|p1|Ogerpon-Cornerstone, L50, F|\n|poke|p1|Flutter Mane, L50|\n|poke|p1|Terapagos, L50, M|\n|poke|p1|Rillaboom, L50, F|\n|poke|p1|Incineroar, L50, F|\n|poke|p2|Gholdengo, L50|\n|poke|p2|Lunala, L50|\n|poke|p2|Murkrow, L50, M|\n|poke|p2|Urshifu-*, L50, F|\n|poke|p2|Koraidon, L50|\n|poke|p2|Ogerpon-Hearthflame, L50, F|\n|teampreview|4\n|showteam|p1|Koraidon||LifeOrb|OrichalcumPulse|FlareBlitz,CloseCombat,FlameCharge,Protect||||||50|,,,,,Fire]Ogerpon-Cornerstone||CornerstoneMask|Sturdy|IvyCudgel,PowerWhip,FollowMe,SpikyShield|||F|||50|,,,,,Rock]Flutter Mane||FocusSash|Protosynthesis|Moonblast,IcyWind,ShadowBall,Protect||||||50|,,,,,Normal]Terapagos||Leftovers|TeraShift|TeraStarstorm,EarthPower,CalmMind,Protect|||M|||50|,,,,,Stellar]Rillaboom||AssaultVest|GrassySurge|WoodHammer,GrassyGlide,Uturn,FakeOut|||F|||50|,,,,,Grass]Incineroar||RockyHelmet|Intimidate|KnockOff,FakeOut,WillOWisp,PartingShot|||F|||50|,,,,,Poison\n|showteam|p2|Gholdengo||ChoiceScarf|GoodasGold|MakeItRain,ShadowBall,Trick,PowerGem||||||50|,,,,,Normal]Lunala||PowerHerb|ShadowShield|WideGuard,MeteorBeam,MoongeistBeam,Moonblast||||||50|,,,,,Fairy]Murkrow||Eviolite|Prankster|Tailwind,FoulPlay,Haze,Quash|||M|||50|,,,,,Ghost]Urshifu||FocusSash|UnseenFist|SuckerPunch,CloseCombat,Protect,WickedBlow|||F|||50|,,,,,Dark]Koraidon||AssaultVest|OrichalcumPulse|CollisionCourse,Uturn,FlareBlitz,Outrage||||||50|,,,,,Fire]Ogerpon-Hearthflame||HearthflameMask|MoldBreaker|IvyCudgel,WoodHammer,SpikyShield,FollowMe|||F|||50|,,,,,Fire\n|inactive|Battle timer is ON: inactive players will automatically lose when time's up. (requested by Meakashi_Shion)\n|inactive|Meakashi_Shion has 60 seconds left.\n|inactive|MaxYoo has 60 seconds left.\n|\n|t:|1746077582\n|start\n|switch|p1a: Flutter Mane|Flutter Mane, L50|100/100\n|switch|p1b: Koraidon|Koraidon, L50|100/100\n|switch|p2a: Murkrow|Murkrow, L50, M|100/100\n|switch|p2b: Gholdengo|Gholdengo, L50|100/100\n|-weather|SunnyDay|[from] ability: Orichalcum Pulse|[of] p1b: Koraidon\n|-activate|p1a: Flutter Mane|ability: Protosynthesis\n|-start|p1a: Flutter Mane|protosynthesisspe\n|-activate|p1b: Koraidon|Orichalcum Pulse|[source]\n|turn|1\n|inactive|Meakashi_Shion has 30 seconds left.\n|\n|t:|1746077610\n|-terastallize|p1b: Koraidon|Fire\n|move|p2a: Murkrow|Tailwind|p2a: Murkrow\n|-sidestart|p2: MaxYoo|move: Tailwind\n|move|p2b: Gholdengo|Make It Rain|p1a: Flutter Mane|[spread] p1a,p1b\n|-supereffective|p1a: Flutter Mane\n|-resisted|p1b: Koraidon\n|-enditem|p1a: Flutter Mane|Focus Sash\n|-damage|p1a: Flutter Mane|1/100\n|-damage|p1b: Koraidon|78/100\n|-unboost|p2b: Gholdengo|spa|1\n|move|p1a: Flutter Mane|Moonblast|p2a: Murkrow\n|-supereffective|p2a: Murkrow\n|-damage|p2a: Murkrow|0 fnt\n|faint|p2a: Murkrow\n|move|p1b: Koraidon|Flame Charge|p2b: Gholdengo\n|-supereffective|p2b: Gholdengo\n|-damage|p2b: Gholdengo|0 fnt\n|-boost|p1b: Koraidon|spe|1\n|faint|p2b: Gholdengo\n|-damage|p1b: Koraidon|68/100|[from] item: Life Orb\n|\n|-weather|SunnyDay|[upkeep]\n|upkeep\n|\n|t:|1746077634\n|switch|p2b: Lunala|Lunala, L50|100/100\n|switch|p2a: Urshifu|Urshifu, L50, F|100/100\n|turn|2\n|inactive|Meakashi_Shion has 30 seconds left.\n|\n|t:|1746077660\n|switch|p1b: Ogerpon|Ogerpon-Cornerstone, L50, F|100/100\n|-end|p1a: Flutter Mane|Protosynthesis|[silent]\n|switch|p1a: Incineroar|Incineroar, L50, F|100/100\n|-ability|p1a: Incineroar|Intimidate|boost\n|-unboost|p2a: Urshifu|atk|1\n|-unboost|p2b: Lunala|atk|1\n|-terastallize|p2a: Urshifu|Dark\n|move|p2a: Urshifu|Sucker Punch||[still]\n|-fail|p2a: Urshifu\n|move|p2b: Lunala|Meteor Beam||[still]\n|-prepare|p2b: Lunala|Meteor Beam\n|-boost|p2b: Lunala|spa|1\n|-enditem|p2b: Lunala|Power Herb\n|-anim|p2b: Lunala|Meteor Beam|p1a: Incineroar\n|-supereffective|p1a: Incineroar\n|-damage|p1a: Incineroar|0 fnt\n|faint|p1a: Incineroar\n|\n|-weather|SunnyDay|[upkeep]\n|upkeep\n|\n|t:|1746077672\n|switch|p1a: Flutter Mane|Flutter Mane, L50|1/100\n|-activate|p1a: Flutter Mane|ability: Protosynthesis\n|-start|p1a: Flutter Mane|protosynthesisspe\n|turn|3\n|inactive|MaxYoo has 30 seconds left.\n|\n|t:|1746077701\n|move|p1b: Ogerpon|Follow Me|p1b: Ogerpon\n|-singleturn|p1b: Ogerpon|move: Follow Me\n|move|p2a: Urshifu|Wicked Blow|p1b: Ogerpon\n|-crit|p1b: Ogerpon\n|-damage|p1b: Ogerpon|4/100\n|move|p1a: Flutter Mane|Icy Wind|p2a: Urshifu|[spread] p2a,p2b\n|-crit|p2a: Urshifu\n|-damage|p2a: Urshifu|66/100\n|-damage|p2b: Lunala|95/100\n|-unboost|p2a: Urshifu|spe|1\n|-unboost|p2b: Lunala|spe|1\n|move|p2b: Lunala|Moongeist Beam|p1b: Ogerpon\n|-damage|p1b: Ogerpon|0 fnt\n|faint|p1b: Ogerpon\n|\n|-weather|SunnyDay|[upkeep]\n|upkeep\n|\n|t:|1746077706\n|switch|p1b: Koraidon|Koraidon, L50, tera:Fire|68/100\n|-activate|p1b: Koraidon|ability: Orichalcum Pulse\n|turn|4\n|inactive|MaxYoo has 30 seconds left.\n|\n|t:|1746077740\n|move|p1b: Koraidon|Protect|p1b: Koraidon\n|-singleturn|p1b: Koraidon|Protect\n|move|p2a: Urshifu|Sucker Punch|p1a: Flutter Mane\n|-damage|p1a: Flutter Mane|0 fnt\n|faint|p1a: Flutter Mane\n|-end|p1a: Flutter Mane|Protosynthesis|[silent]\n|move|p2b: Lunala|Moongeist Beam|p1b: Koraidon\n|-activate|p1b: Koraidon|move: Protect\n|\n|-weather|SunnyDay|[upkeep]\n|-sideend|p2: MaxYoo|move: Tailwind\n|upkeep\n|turn|5\n|\n|t:|1746077758\n|move|p1b: Koraidon|Flare Blitz|p2b: Lunala\n|-damage|p2b: Lunala|0 fnt\n|faint|p2b: Lunala\n|-damage|p1b: Koraidon|25/100|[from] Recoil\n|-damage|p1b: Koraidon|15/100|[from] item: Life Orb\n|move|p2a: Urshifu|Wicked Blow|p1b: Koraidon\n|-crit|p1b: Koraidon\n|-damage|p1b: Koraidon|0 fnt\n|faint|p1b: Koraidon\n|\n|win|MaxYoo\n||Meakashi_Shion is ready for game 2.\n|inactive|MaxYoo has 30 seconds to confirm battle start!\n|inactive|MaxYoo has 20 seconds to confirm battle start!\n|l|\u2606MaxYoo\n|player|p2|\n|inactive|MaxYoo has 10 seconds to confirm battle start!\n|uhtml|next|Next: <a href=\"/battle-gen9vgc2025regibo3-2354476010\"><strong>Game 2 of 3</strong></a>\n|l|\u2606Meakashi_Shion\n|player|p1|\n", "uploadtime": 1746078148, "views": 10, "formatid": "gen9vgc2025regibo3", "rating": null, "private": 0, "password": null}