{"id": "gen9vgc2025regibo3-2353314815", "format": "[Gen 9] VGC 2025 Reg I (Bo3)", "players": ["Mommy moma", "dambro222"], "log": "|j|\u2606Mommy moma\n|j|\u2606dambro222\n|html|<table width=\"100%\"><tr><td align=\"left\">Mommy moma</td><td align=\"right\">dambro222</tr><tr><td align=\"left\"><i class=\"fa fa-circle-o\"></i> <i class=\"fa fa-circle-o\"></i> </td><td align=\"right\"><i class=\"fa fa-circle-o\"></i> <i class=\"fa fa-circle-o\"></i> </tr></table>\n|uhtml|bestof|<h2><strong>Game 1</strong> of <a href=\"/game-bestof3-gen9vgc2025regibo3-2353314814\">a best-of-3</a></h2>\n|t:|1745945690\n|gametype|doubles\n|player|p1|Mommy moma|firebreather|1047\n|player|p2|dambro222|1|1087\n|teamsize|p1|6\n|teamsize|p2|6\n|gen|9\n|tier|[Gen 9] VGC 2025 Reg I (Bo3)\n|rated|\n|rule|Species Clause: Limit one of each Pok\u00e9mon\n|rule|Item Clause: Limit 1 of each item\n|clearpoke\n|poke|p1|Ho-Oh, L50|\n|poke|p1|Koraidon, L50|\n|poke|p1|Ogerpon-Wellspring, L50, F|\n|poke|p1|Flutter Mane, L50|\n|poke|p1|Incineroar, L50, M|\n|poke|p1|Rillaboom, L50, F|\n|poke|p2|Ho-Oh, L50|\n|poke|p2|Miraidon, L50|\n|poke|p2|Flutter Mane, L50|\n|poke|p2|Iron Hands, L50|\n|poke|p2|Urshifu-*, L50, M|\n|poke|p2|Iron Treads, L50|\n|teampreview|4\n|showteam|p1|Ho-Oh||AssaultVest|Regenerator|BraveBird,SacredFire,Earthquake,ZenHeadbutt||||||50|,,,,,Ground]Koraidon||LifeOrb|OrichalcumPulse|CloseCombat,DragonClaw,FlareBlitz,Protect||||||50|,,,,,Fire]Ogerpon-Wellspring||WellspringMask|WaterAbsorb|FollowMe,HornLeech,Taunt,SpikyShield|||F|||50|,,,,,Water]Flutter Mane||FocusSash|Protosynthesis|Moonblast,ShadowBall,IcyWind,Protect||||||50|,,,,,Normal]Incineroar||SafetyGoggles|Intimidate|WillOWisp,PartingShot,KnockOff,FakeOut|||M|||50|,,,,,Ghost]Rillaboom||ChoiceBand|GrassySurge|Uturn,WoodHammer,GrassyGlide,HammerArm|||F|||50|,,,,,Grass\n|showteam|p2|Ho-Oh||ClearAmulet|Regenerator|SacredFire,BraveBird,Tailwind,Protect||||||50|,,,,,Dragon]Miraidon||CovertCloak|HadronEngine|ElectroDrift,VoltSwitch,DracoMeteor,Protect||||||50|,,,,,Electric]Flutter Mane||BoosterEnergy|Protosynthesis|Moonblast,ShadowBall,IcyWind,Protect||||||50|,,,,,Fairy]Iron Hands||AssaultVest|QuarkDrive|FakeOut,DrainPunch,WildCharge,LowKick||||||50|,,,,,Water]Urshifu||FocusSash|UnseenFist|WickedBlow,CloseCombat,SuckerPunch,Detect|||M|||50|,,,,,Poison]Iron Treads||ChoiceBand|QuarkDrive|IronHead,HighHorsepower,KnockOff,SteelRoller||||||50|,,,,,Water\n|j| DaraghJohn\n|inactive|Battle timer is ON: inactive players will automatically lose when time's up. (requested by Mommy moma)\n|\n|t:|1745945734\n|start\n|switch|p1a: Ho-Oh|Ho-Oh, L50|100/100\n|switch|p1b: Rillaboom|Rillaboom, L50, F|100/100\n|switch|p2a: Miraidon|Miraidon, L50|100/100\n|switch|p2b: Iron Treads|Iron Treads, L50|100/100\n|-fieldstart|move: Electric Terrain|[from] ability: Hadron Engine|[of] p2a: Miraidon\n|-activate|p2b: Iron Treads|ability: Quark Drive\n|-start|p2b: Iron Treads|quarkdrivespe\n|-fieldstart|move: Grassy Terrain|[from] ability: Grassy Surge|[of] p1b: Rillaboom\n|-end|p2b: Iron Treads|Quark Drive\n|turn|1\n|inactive|Mommy moma has 30 seconds left.\n|inactive|dambro222 has 30 seconds left.\n|inactive|Mommy moma has 20 seconds left.\n|inactive|Mommy moma has 15 seconds left.\n|\n|t:|1745945777\n|-end|p2b: Iron Treads|Quark Drive|[silent]\n|switch|p2b: Ho-Oh|Ho-Oh, L50|100/100\n|-terastallize|p1a: Ho-Oh|Ground\n|move|p1b: Rillaboom|Grassy Glide|p2a: Miraidon\n|-resisted|p2a: Miraidon\n|-damage|p2a: Miraidon|72/100\n|move|p2a: Miraidon|Draco Meteor|p1a: Ho-Oh\n|-damage|p1a: Ho-Oh|77/100\n|-unboost|p2a: Miraidon|spa|2\n|move|p1a: Ho-Oh|Sacred Fire|p2a: Miraidon\n|-resisted|p2a: Miraidon\n|-damage|p2a: Miraidon|49/100\n|\n|-heal|p2a: Miraidon|55/100|[from] Grassy Terrain\n|-heal|p1a: Ho-Oh|83/100|[from] Grassy Terrain\n|upkeep\n|turn|2\n|inactive|Mommy moma has 30 seconds left.\n|inactive|dambro222 has 30 seconds left.\n|\n|t:|1745945805\n|move|p2a: Miraidon|Protect|p2a: Miraidon\n|-singleturn|p2a: Miraidon|Protect\n|move|p1b: Rillaboom|Grassy Glide|p2a: Miraidon\n|-activate|p2a: Miraidon|move: Protect\n|move|p2b: Ho-Oh|Sacred Fire|p1a: Ho-Oh\n|-damage|p1a: Ho-Oh|31/100\n|-status|p1a: Ho-Oh|brn\n|move|p1a: Ho-Oh|Sacred Fire|p2a: Miraidon\n|-activate|p2a: Miraidon|move: Protect\n|\n|-heal|p2a: Miraidon|61/100|[from] Grassy Terrain\n|-heal|p1a: Ho-Oh|38/100 brn|[from] Grassy Terrain\n|-damage|p1a: Ho-Oh|31/100 brn|[from] brn\n|upkeep\n|turn|3\n|inactive|Mommy moma has 30 seconds left.\n|inactive|dambro222 has 30 seconds left.\n|\n|t:|1745945838\n|move|p1b: Rillaboom|Grassy Glide|p2a: Miraidon\n|-resisted|p2a: Miraidon\n|-damage|p2a: Miraidon|36/100\n|move|p2a: Miraidon|Draco Meteor|p1b: Rillaboom\n|-damage|p1b: Rillaboom|45/100\n|-unboost|p2a: Miraidon|spa|2\n|move|p1a: Ho-Oh|Sacred Fire|p2a: Miraidon\n|-resisted|p2a: Miraidon\n|-damage|p2a: Miraidon|25/100\n|move|p2b: Ho-Oh|Sacred Fire|p1b: Rillaboom\n|-supereffective|p1b: Rillaboom\n|-crit|p1b: Rillaboom\n|-damage|p1b: Rillaboom|0 fnt\n|faint|p1b: Rillaboom\n|\n|-heal|p2a: Miraidon|31/100|[from] Grassy Terrain\n|-heal|p1a: Ho-Oh|38/100 brn|[from] Grassy Terrain\n|-damage|p1a: Ho-Oh|31/100 brn|[from] brn\n|upkeep\n|inactive|Mommy moma has 30 seconds left.\n|l|\u2606Mommy moma\n|inactive|Mommy moma disconnected and has a minute to reconnect!\n|player|p1|\n|inactive|Mommy moma has 20 seconds left.\n|inactive|Mommy moma has 15 seconds left.\n|inactive|Mommy moma has 10 seconds left.\n|inactive|Mommy moma has 5 seconds left.\n|-message|Mommy moma lost due to inactivity.\n|\n|win|dambro222\n||dambro222 is ready for game 2.\n|inactive|Mommy moma has 20 seconds to reconnect!\n||Mommy moma is ready for game 2.\n|uhtml|next|Next: <a href=\"/battle-gen9vgc2025regibo3-2353317618\"><strong>Game 2 of 3</strong></a>\n|l| DaraghJohn\n|j|\u2606Mommy moma\n|player|p1|Mommy moma|firebreather|\n|l|\u2606Mommy moma\n|player|p1|\n", "uploadtime": 1745946102, "views": 13, "formatid": "gen9vgc2025regibo3", "rating": null, "private": 0, "password": null}