{"id": "gen9vgc2025regibo3-2354748546", "format": "[Gen 9] VGC 2025 Reg I (Bo3)", "players": ["Marquis_VGC", "Thomasnash270"], "log": "|j|\u2606Marquis_VGC\n|j|\u2606Thomasnash270\n|html|<table width=\"100%\"><tr><td align=\"left\">Marquis_VGC</td><td align=\"right\">Thomasnash270</tr><tr><td align=\"left\"><i class=\"fa fa-circle-o\"></i> <i class=\"fa fa-circle-o\"></i> </td><td align=\"right\"><i class=\"fa fa-circle-o\"></i> <i class=\"fa fa-circle-o\"></i> </tr></table>\n|uhtml|bestof|<h2><strong>Game 1</strong> of <a href=\"/game-bestof3-gen9vgc2025regibo3-2354748541\">a best-of-3</a></h2>\n|t:|1746116319\n|gametype|doubles\n|player|p1|Marquis_VGC|cynthia-gen4|1059\n|player|p2|Thomasnash270|clair|1024\n|teamsize|p1|6\n|teamsize|p2|6\n|gen|9\n|tier|[Gen 9] VGC 2025 Reg I (Bo3)\n|rated|\n|rule|Species Clause: Limit one of each Pok\u00e9mon\n|rule|Item Clause: Limit 1 of each item\n|clearpoke\n|poke|p1|Zamazenta-*, L50|\n|poke|p1|Tornadus, L50, M|\n|poke|p1|Kyogre, L50|\n|poke|p1|Tsareena, L50, F|\n|poke|p1|Landorus, L50, M|\n|poke|p1|Chien-Pao, L50|\n|poke|p2|Pawmot, L50, F|\n|poke|p2|Moltres-Galar, L50|\n|poke|p2|Dragapult, L50, F|\n|poke|p2|Zamazenta-*, L50|\n|poke|p2|Amoonguss, L50, F|\n|poke|p2|Terapagos, L50, M|\n|teampreview|4\n|showteam|p1|Zamazenta-Crowned||RustedShield|DauntlessShield|BodyPress,HeavySlam,WideGuard,Protect||||||50|,,,,,Dragon]Tornadus||CovertCloak|Prankster|BleakwindStorm,Tailwind,RainDance,Taunt|||M|||50|,,,,,Dark]Kyogre||AssaultVest|Drizzle|WaterSpout,OriginPulse,IceBeam,Thunder||||||50|,,,,,Grass]Tsareena||WideLens|QueenlyMajesty|TripleAxel,PlayRough,Protect,PowerWhip|||F|||50|,,,,,Stellar]Landorus||LifeOrb|SheerForce|EarthPower,SandsearStorm,SludgeBomb,Taunt|||M|||50|,,,,,Ghost]Chien-Pao||FocusSash|SwordofRuin|IcicleCrash,ThroatChop,SuckerPunch,Protect||||||50|,,,,,Ghost\n|showteam|p2|Pawmot||FocusSash|VoltAbsorb|Protect,FakeOut,DoubleShock,CloseCombat|||F|||50|,,,,,Electric]Moltres-Galar||SitrusBerry|Berserk|Protect,Tailwind,FieryWrath,AirSlash||||||50|,,,,,Poison]Dragapult||ChoiceBand|ClearBody|DragonDarts,PhantomForce,Uturn,SuckerPunch|||F|||50|,,,,,Dragon]Zamazenta-Crowned||RustedShield|DauntlessShield|WideGuard,IronDefense,BodyPress,HeavySlam||||||50|,,,,,Grass]Amoonguss||RockyHelmet|Regenerator|Protect,RagePowder,Spore,PollenPuff|||F|||50|,,,,,Water]Terapagos||Leftovers|TeraShift|Protect,CalmMind,TeraStarstorm,EarthPower|||M|||50|,,,,,Stellar\n|inactive|Battle timer is ON: inactive players will automatically lose when time's up. (requested by Thomasnash270)\n|inactive|Marquis_VGC has 60 seconds left.\n|inactive|Thomasnash270 has 60 seconds left.\n|inactive|Marquis_VGC has 30 seconds left.\n|inactive|Marquis_VGC has 20 seconds left.\n|\n|t:|1746116391\n|start\n|switch|p1a: Kyogre|Kyogre, L50|100/100\n|switch|p1b: Landorus|Landorus, L50, M, shiny|100/100\n|switch|p2a: Pawmot|Pawmot, L50, F|100/100\n|switch|p2b: Dragapult|Dragapult, L50, F|100/100\n|-weather|RainDance|[from] ability: Drizzle|[of] p1a: Kyogre\n|turn|1\n|\n|t:|1746116416\n|-terastallize|p2b: Dragapult|Dragon\n|move|p2b: Dragapult|Dragon Darts|p1b: Landorus\n|-damage|p1b: Landorus|46/100\n|-anim|p2b: Dragapult|Dragon Darts|p1a: Kyogre\n|-damage|p1a: Kyogre|50/100\n|move|p2a: Pawmot|Double Shock|p1a: Kyogre\n|-supereffective|p1a: Kyogre\n|-damage|p1a: Kyogre|0 fnt\n|-start|p2a: Pawmot|typechange|???/Fighting|[from] move: Double Shock\n|faint|p1a: Kyogre\n|move|p1b: Landorus|Sandsear Storm|p2a: Pawmot|[spread] p2a,p2b\n|-enditem|p2a: Pawmot|Focus Sash\n|-damage|p2a: Pawmot|1/100\n|-damage|p2b: Dragapult|18/100\n|\n|-weather|RainDance|[upkeep]\n|upkeep\n|\n|t:|1746116431\n|switch|p1a: Tsareena|Tsareena, L50, F, shiny|100/100\n|turn|2\n|\n|t:|1746116443\n|switch|p1b: Zamazenta|Zamazenta-Crowned, L50|100/100\n|-ability|p1b: Zamazenta|Dauntless Shield|boost\n|-boost|p1b: Zamazenta|def|1\n|move|p2b: Dragapult|Dragon Darts|p1b: Zamazenta\n|-resisted|p1b: Zamazenta\n|-damage|p1b: Zamazenta|91/100\n|-anim|p2b: Dragapult|Dragon Darts|p1a: Tsareena\n|-damage|p1a: Tsareena|39/100\n|move|p2a: Pawmot|Close Combat|p1a: Tsareena\n|-damage|p1a: Tsareena|0 fnt\n|-unboost|p2a: Pawmot|def|1\n|-unboost|p2a: Pawmot|spd|1\n|faint|p1a: Tsareena\n|\n|-weather|RainDance|[upkeep]\n|upkeep\n|\n|t:|1746116455\n|switch|p1a: Landorus|Landorus, L50, M, shiny|46/100\n|turn|3\n|\n|t:|1746116462\n|move|p1b: Zamazenta|Wide Guard|p1b: Zamazenta\n|-singleturn|p1b: Zamazenta|Wide Guard\n|move|p2b: Dragapult|Dragon Darts|p1b: Zamazenta\n|-resisted|p1b: Zamazenta\n|-damage|p1b: Zamazenta|82/100\n|-anim|p2b: Dragapult|Dragon Darts|p1a: Landorus\n|-damage|p1a: Landorus|0 fnt\n|faint|p1a: Landorus\n|move|p2a: Pawmot|Close Combat|p1b: Zamazenta\n|-supereffective|p1b: Zamazenta\n|-damage|p1b: Zamazenta|34/100\n|-unboost|p2a: Pawmot|def|1\n|-unboost|p2a: Pawmot|spd|1\n|\n|-weather|RainDance|[upkeep]\n|upkeep\n|turn|4\n|-message|Marquis_VGC forfeited.\n|raw|Marquis_VGC's rating: 1059 &rarr; <strong>1038</strong><br />(-21 for losing)\n|raw|Thomasnash270's rating: 1024 &rarr; <strong>1064</strong><br />(+40 for winning)\n|\n|win|Thomasnash270\n|l|\u2606Marquis_VGC\n|player|p1|\n|l|\u2606Thomasnash270\n|player|p2|\n", "uploadtime": 1746116737, "views": 21, "formatid": "gen9vgc2025regibo3", "rating": 1038, "private": 0, "password": null}