{"id": "gen9vgc2025regibo3-2354569984", "format": "[Gen 9] VGC 2025 Reg I (Bo3)", "players": ["Pr0d1gy181", "kakarotto_san6969"], "log": "|j|\u2606Pr0d1gy181\n|j|\u2606kakarotto_san6969\n|html|<table width=\"100%\"><tr><td align=\"left\">Pr0d1gy181</td><td align=\"right\">kakarotto_san6969</tr><tr><td align=\"left\"><i class=\"fa fa-circle\"></i> <i class=\"fa fa-circle-o\"></i> </td><td align=\"right\"><i class=\"fa fa-circle-o\"></i> <i class=\"fa fa-circle-o\"></i> </tr></table>\n|uhtml|bestof|<h2><strong>Game 2</strong> of <a href=\"/game-bestof3-gen9vgc2025regibo3-2354568842\">a best-of-3</a></h2>\n|t:|1746096259\n|gametype|doubles\n|player|p1|Pr0d1gy181|plasmagrunt-gen5bw|1041\n|player|p2|kakarotto_san6969|265|1083\n|teamsize|p1|6\n|teamsize|p2|6\n|gen|9\n|tier|[Gen 9] VGC 2025 Reg I (Bo3)\n|rated|\n|rule|Species Clause: Limit one of each Pok\u00e9mon\n|rule|Item Clause: Limit 1 of each item\n|clearpoke\n|poke|p1|Urshifu-*, L50, F|\n|poke|p1|Ursaluna-Bloodmoon, L50, M|\n|poke|p1|Eternatus, L50|\n|poke|p1|Farigiraf, L50, M|\n|poke|p1|Calyrex-Ice, L50|\n|poke|p1|Annihilape, L50, M|\n|poke|p2|Calyrex-Shadow, L50|\n|poke|p2|Smeargle, L50, M|\n|poke|p2|Ditto, L50|\n|poke|p2|Indeedee-F, L50, F|\n|poke|p2|Zamazenta-*, L50|\n|poke|p2|Walking Wake, L50|\n|teampreview|4\n|showteam|p1|Urshifu||FocusSash|UnseenFist|WickedBlow,CloseCombat,IronHead,SuckerPunch|||F|||50|,,,,,Fighting]Ursaluna-Bloodmoon||LifeOrb|MindsEye|CalmMind,BloodMoon,EarthPower,Protect|||M|||50|,,,,,Ground]Eternatus||PowerHerb|Pressure|DynamaxCannon,Protect,SludgeBomb,MeteorBeam||||||50|,,,,,Grass]Farigiraf||ThroatSpray|ArmorTail|Imprison,DazzlingGleam,TrickRoom,HyperVoice|||M|||50|,,,,,Fairy]Calyrex-Ice||AssaultVest|AsOneGlastrier|CloseCombat,GlacialLance,ZenHeadbutt,HighHorsepower||||||50|,,,,,Fire]Annihilape||ChoiceScarf|Defiant|Coaching,FinalGambit,RageFist,DrainPunch|||M|||50|,,,,,Normal\n|showteam|p2|Calyrex-Shadow||SpellTag|AsOneSpectrier|AstralBarrage,GigaDrain,NastyPlot,Protect||||||50|,,,,,Grass]Smeargle||FocusSash|Moody|FakeOut,Spore,WideGuard,FollowMe|||M|||50|,,,,,Ghost]Ditto||ChoiceScarf|Imposter|Transform||||||50|,,,,,Stellar]Indeedee-F||PsychicSeed|PsychicSurge|FollowMe,HelpingHand,Psychic,Protect|||F|||50|,,,,,Dark]Zamazenta-Crowned||RustedShield|DauntlessShield|BodyPress,behemothbash,Protect,WideGuard||||||50|,,,,,Dragon]Walking Wake||ChoiceSpecs|Protosynthesis|HydroSteam,FlipTurn,DracoMeteor,Flamethrower||||||50|,,,,,Fire\n|inactive|Battle timer is ON: inactive players will automatically lose when time's up. (requested by Pr0d1gy181)\n|inactive|Pr0d1gy181 has 60 seconds left.\n|\n|t:|1746096303\n|start\n|switch|p1a: Annihilape|Annihilape, L50, M|100/100\n|switch|p1b: Farigiraf|Farigiraf, L50, M|100/100\n|switch|p2a: Calyrex|Calyrex-Shadow, L50|100/100\n|switch|p2b: Smeargle|Smeargle, L50, M, shiny|100/100\n|-ability|p2a: Calyrex|As One\n|-ability|p2a: Calyrex|Unnerve\n|turn|1\n|inactive|kakarotto_san6969 has 30 seconds left.\n|inactive|kakarotto_san6969 has 20 seconds left.\n|\n|t:|1746096343\n|move|p2b: Smeargle|Follow Me|p2b: Smeargle\n|-singleturn|p2b: Smeargle|move: Follow Me\n|move|p1a: Annihilape|Final Gambit|p2b: Smeargle\n|-enditem|p2b: Smeargle|Focus Sash\n|-damage|p2b: Smeargle|1/100\n|faint|p1a: Annihilape\n|move|p2a: Calyrex|Nasty Plot|p2a: Calyrex\n|-boost|p2a: Calyrex|spa|2\n|move|p1b: Farigiraf|Trick Room|p1b: Farigiraf\n|-fieldstart|move: Trick Room|[of] p1b: Farigiraf\n|\n|-ability|p2b: Smeargle|Moody|boost\n|-boost|p2b: Smeargle|atk|2\n|-unboost|p2b: Smeargle|def|1\n|upkeep\n|\n|t:|1746096353\n|switch|p1a: Ursaluna|Ursaluna-Bloodmoon, L50, M|100/100\n|turn|2\n|inactive|kakarotto_san6969 has 30 seconds left.\n|\n|t:|1746096378\n|-terastallize|p2a: Calyrex|Grass\n|move|p2b: Smeargle|Wide Guard|p2b: Smeargle\n|-singleturn|p2b: Smeargle|Wide Guard\n|move|p1a: Ursaluna|Calm Mind|p1a: Ursaluna\n|-boost|p1a: Ursaluna|spa|1\n|-boost|p1a: Ursaluna|spd|1\n|move|p1b: Farigiraf|Hyper Voice|p2b: Smeargle|[spread] \n|-activate|p2a: Calyrex|move: Wide Guard\n|-activate|p2b: Smeargle|move: Wide Guard\n|move|p2a: Calyrex|Giga Drain|p1a: Ursaluna\n|-supereffective|p1a: Ursaluna\n|-damage|p1a: Ursaluna|0 fnt\n|faint|p1a: Ursaluna\n|-ability|p2a: Calyrex|Grim Neigh|boost\n|-boost|p2a: Calyrex|spa|1\n|\n|-ability|p2b: Smeargle|Moody|boost\n|-boost|p2b: Smeargle|spa|2\n|-unboost|p2b: Smeargle|atk|1\n|upkeep\n|\n|t:|1746096392\n|switch|p1a: Calyrex|Calyrex-Ice, L50|100/100\n|-ability|p1a: Calyrex|As One\n|-ability|p1a: Calyrex|Unnerve\n|turn|3\n|inactive|Pr0d1gy181 has 30 seconds left.\n|\n|t:|1746096418\n|-terastallize|p1a: Calyrex|Fire\n|move|p2b: Smeargle|Wide Guard|p2b: Smeargle\n|-singleturn|p2b: Smeargle|Wide Guard\n|move|p1a: Calyrex|Zen Headbutt|p2b: Smeargle\n|-damage|p2b: Smeargle|0 fnt\n|faint|p2b: Smeargle\n|-ability|p1a: Calyrex|Chilling Neigh|boost\n|-boost|p1a: Calyrex|atk|1\n|move|p1b: Farigiraf|Hyper Voice|p2a: Calyrex\n|-activate|p2a: Calyrex|move: Wide Guard\n|move|p2a: Calyrex|Astral Barrage|p1b: Farigiraf|[spread] p1a\n|-immune|p1b: Farigiraf\n|-damage|p1a: Calyrex|25/100\n|\n|upkeep\n|\n|t:|1746096442\n|switch|p2b: Zamazenta|Zamazenta-Crowned, L50|100/100\n|-ability|p2b: Zamazenta|Dauntless Shield|boost\n|-boost|p2b: Zamazenta|def|1\n|turn|4\n|\n|t:|1746096463\n|move|p2b: Zamazenta|Wide Guard|p2b: Zamazenta\n|-singleturn|p2b: Zamazenta|Wide Guard\n|move|p1a: Calyrex|High Horsepower|p2b: Zamazenta\n|-supereffective|p2b: Zamazenta\n|-damage|p2b: Zamazenta|52/100\n|move|p1b: Farigiraf|Hyper Voice|p2a: Calyrex|[spread] \n|-activate|p2a: Calyrex|move: Wide Guard\n|-activate|p2b: Zamazenta|move: Wide Guard\n|move|p2a: Calyrex|Astral Barrage|p1a: Calyrex|[spread] p1a\n|-immune|p1b: Farigiraf\n|-crit|p1a: Calyrex\n|-damage|p1a: Calyrex|0 fnt\n|faint|p1a: Calyrex\n|-ability|p2a: Calyrex|Grim Neigh|boost\n|-boost|p2a: Calyrex|spa|1\n|\n|upkeep\n|turn|5\n|inactive|kakarotto_san6969 has 30 seconds left.\n|\n|t:|1746096488\n|move|p2b: Zamazenta|Wide Guard|p2b: Zamazenta\n|-singleturn|p2b: Zamazenta|Wide Guard\n|move|p1b: Farigiraf|Dazzling Gleam|p2b: Zamazenta|[spread] \n|-activate|p2a: Calyrex|move: Wide Guard\n|-activate|p2b: Zamazenta|move: Wide Guard\n|move|p2a: Calyrex|Giga Drain|p1b: Farigiraf\n|-damage|p1b: Farigiraf|0 fnt\n|faint|p1b: Farigiraf\n|\n|win|kakarotto_san6969\n|inactive|Pr0d1gy181 has 30 seconds to confirm battle start!\n|inactive|kakarotto_san6969 has 30 seconds to confirm battle start!\n||Pr0d1gy181 is ready for game 3.\n||kakarotto_san6969 is ready for game 3.\n|uhtml|next|Next: <a href=\"/battle-gen9vgc2025regibo3-2354571399\"><strong>Game 3 of 3</strong></a>\n|l|\u2606kakarotto_san6969\n|player|p2|\n|l|\u2606Pr0d1gy181\n|player|p1|\n|j|\u2606Pr0d1gy181\n|player|p1|Pr0d1gy181|plasmagrunt-gen5bw|\n", "uploadtime": 1746096710, "views": 8, "formatid": "gen9vgc2025regibo3", "rating": null, "private": 0, "password": null}