{"id": "gen9vgc2025regibo3-2354968446", "format": "[Gen 9] VGC 2025 Reg I (Bo3)", "players": ["Glinteighty", "thedbeast777"], "log": "|j|\u2606Glinteighty\n|j|\u2606thedbeast777\n|html|<table width=\"100%\"><tr><td align=\"left\">Glinteighty</td><td align=\"right\">thedbeast777</tr><tr><td align=\"left\"><i class=\"fa fa-circle-o\"></i> <i class=\"fa fa-circle-o\"></i> </td><td align=\"right\"><i class=\"fa fa-circle-o\"></i> <i class=\"fa fa-circle-o\"></i> </tr></table>\n|uhtml|bestof|<h2><strong>Game 1</strong> of <a href=\"/game-bestof3-gen9vgc2025regibo3-2354968439\">a best-of-3</a></h2>\n|t:|1746136877\n|gametype|doubles\n|player|p1|Glinteighty|2|1151\n|player|p2|thedbeast777|170|1074\n|teamsize|p1|6\n|teamsize|p2|6\n|gen|9\n|tier|[Gen 9] VGC 2025 Reg I (Bo3)\n|rated|\n|rule|Species Clause: Limit one of each Pok\u00e9mon\n|rule|Item Clause: Limit 1 of each item\n|clearpoke\n|poke|p1|Groudon, L50|\n|poke|p1|Lunala, L50|\n|poke|p1|Amoonguss, L50, F|\n|poke|p1|Incineroar, L50, F|\n|poke|p1|Klefki, L50, M|\n|poke|p1|Urshifu-*, L50, F|\n|poke|p2|Flutter Mane, L50|\n|poke|p2|Chien-Pao, L50|\n|poke|p2|Koraidon, L50|\n|poke|p2|Lunala, L50|\n|poke|p2|Amoonguss, L50, F|\n|poke|p2|Ursaluna-Bloodmoon, L50, M|\n|teampreview|4\n|showteam|p1|Groudon||SitrusBerry|Drought|PrecipiceBlades,HeatCrash,SwordsDance,Protect||||||50|,,,,,Fire]Lunala||Leftovers|ShadowShield|MoongeistBeam,WillOWisp,WideGuard,TrickRoom||||||50|,,,,,Fairy]Amoonguss||MentalHerb|Regenerator|Spore,RagePowder,PollenPuff,Protect|||F|||50|,,,,,Water]Incineroar||SafetyGoggles|Intimidate|FakeOut,KnockOff,Snarl,PartingShot|||F|||50|,,,,,Ghost]Klefki||LightClay|Prankster|LightScreen,Reflect,MistyTerrain,FoulPlay|||M|||50|,,,,,Ghost]Urshifu||FocusSash|UnseenFist|WickedBlow,CloseCombat,SuckerPunch,Detect|||F|||50|,,,,,Ghost\n|showteam|p2|Flutter Mane||BoosterEnergy|Protosynthesis|Moonblast,ShadowBall,IcyWind,Protect||||||50|,,,,,Normal]Chien-Pao||FocusSash|SwordofRuin|Protect,SuckerPunch,IceSpinner,ThroatChop||||||50|,,,,,Ghost]Koraidon||ClearAmulet|OrichalcumPulse|CloseCombat,FlareBlitz,FlameCharge,Protect||||||50|,,,,,Fire]Lunala||PowerHerb|ShadowShield|MoongeistBeam,MeteorBeam,WideGuard,TrickRoom||||||50|,,,,,Water]Amoonguss||RockyHelmet|Regenerator|Spore,PollenPuff,RagePowder,Protect|||F|||50|,,,,,Water]Ursaluna-Bloodmoon||LifeOrb|MindsEye|HyperVoice,BloodMoon,EarthPower,Protect|||M|||50|,,,,,Normal\n|inactive|Battle timer is ON: inactive players will automatically lose when time's up. (requested by thedbeast777)\n|inactive|Glinteighty has 60 seconds left.\n|\n|t:|1746136941\n|start\n|switch|p1a: Urshifu|Urshifu, L50, F|100/100\n|switch|p1b: Lunala|Lunala, L50|100/100\n|switch|p2a: Silly Lizard|Koraidon, L50|100/100\n|switch|p2b: Felon|Amoonguss, L50, F|100/100\n|-weather|SunnyDay|[from] ability: Orichalcum Pulse|[of] p2a: Silly Lizard\n|-activate|p2a: Silly Lizard|Orichalcum Pulse|[source]\n|turn|1\n|\n|t:|1746136961\n|switch|p1a: Amoonguss|Amoonguss, L50, F|100/100\n|move|p2a: Silly Lizard|Flame Charge|p1a: Amoonguss\n|-supereffective|p1a: Amoonguss\n|-damage|p1a: Amoonguss|34/100\n|-boost|p2a: Silly Lizard|spe|1\n|move|p1b: Lunala|Moongeist Beam|p2b: Felon\n|-damage|p2b: Felon|65/100\n|move|p2b: Felon|Spore|p1b: Lunala\n|-status|p1b: Lunala|slp|[from] move: Spore\n|\n|-weather|SunnyDay|[upkeep]\n|upkeep\n|turn|2\n|\n|t:|1746136980\n|-terastallize|p2a: Silly Lizard|Fire\n|move|p1a: Amoonguss|Protect|p1a: Amoonguss\n|-singleturn|p1a: Amoonguss|Protect\n|move|p2a: Silly Lizard|Flare Blitz|p1a: Amoonguss\n|-activate|p1a: Amoonguss|move: Protect\n|cant|p1b: Lunala|slp\n|move|p2b: Felon|Pollen Puff|p1b: Lunala\n|-damage|p1b: Lunala|95/100 slp\n|\n|-weather|SunnyDay|[upkeep]\n|-heal|p1b: Lunala|100/100 slp|[from] item: Leftovers\n|upkeep\n|turn|3\n|\n|t:|1746137002\n|switch|p1a: Groudon|Groudon, L50|100/100\n|move|p2a: Silly Lizard|Flare Blitz|p1a: Groudon\n|-damage|p1a: Groudon|13/100\n|-enditem|p1a: Groudon|Sitrus Berry|[eat]\n|-heal|p1a: Groudon|38/100|[from] item: Sitrus Berry\n|-damage|p2a: Silly Lizard|72/100|[from] Recoil\n|cant|p1b: Lunala|slp\n|move|p2b: Felon|Spore|p1b: Lunala\n|-fail|p1b: Lunala|slp\n|\n|-weather|SunnyDay|[upkeep]\n|upkeep\n|turn|4\n|\n|t:|1746137022\n|switch|p1b: Amoonguss|Amoonguss, L50, F|67/100\n|move|p1a: Groudon|Protect|p1a: Groudon\n|-singleturn|p1a: Groudon|Protect\n|move|p2a: Silly Lizard|Flare Blitz|p1a: Groudon\n|-activate|p1a: Groudon|move: Protect\n|move|p2b: Felon|Spore|p1b: Amoonguss\n|-immune|p1b: Amoonguss\n|\n|-weather|SunnyDay|[upkeep]\n|upkeep\n|turn|5\n|inactive|Glinteighty has 30 seconds left.\n|inactive|Glinteighty has 20 seconds left.\n|inactive|Glinteighty has 15 seconds left.\n|\n|t:|1746137065\n|-terastallize|p1b: Amoonguss|Water\n|move|p2a: Silly Lizard|Protect|p2a: Silly Lizard\n|-singleturn|p2a: Silly Lizard|Protect\n|move|p2b: Felon|Protect|p2b: Felon\n|-singleturn|p2b: Felon|Protect\n|move|p1b: Amoonguss|Rage Powder|p1b: Amoonguss\n|-singleturn|p1b: Amoonguss|move: Rage Powder\n|move|p1a: Groudon|Swords Dance|p1a: Groudon\n|-boost|p1a: Groudon|atk|2\n|\n|-weather|none\n|upkeep\n|turn|6\n|\n|t:|1746137081\n|move|p1b: Amoonguss|Rage Powder|p1b: Amoonguss\n|-singleturn|p1b: Amoonguss|move: Rage Powder\n|move|p2a: Silly Lizard|Close Combat|p1b: Amoonguss\n|-damage|p1b: Amoonguss|1/100\n|-unboost|p2a: Silly Lizard|def|1\n|-unboost|p2a: Silly Lizard|spd|1\n|move|p1a: Groudon|Precipice Blades|p2b: Felon|[spread] p2a,p2b\n|-supereffective|p2a: Silly Lizard\n|-damage|p2a: Silly Lizard|0 fnt\n|-damage|p2b: Felon|0 fnt\n|faint|p2a: Silly Lizard\n|faint|p2b: Felon\n|\n|upkeep\n|\n|t:|1746137085\n|switch|p2a: Definetly CSR|Lunala, L50|100/100\n|switch|p2b: Sr. Beatdown|Chien-Pao, L50|100/100\n|-ability|p2b: Sr. Beatdown|Sword of Ruin\n|turn|7\n|inactive|Glinteighty has 30 seconds left.\n|\n|t:|1746137116\n|move|p2a: Definetly CSR|Wide Guard|p2a: Definetly CSR\n|-singleturn|p2a: Definetly CSR|Wide Guard\n|move|p1b: Amoonguss|Rage Powder|p1b: Amoonguss\n|-singleturn|p1b: Amoonguss|move: Rage Powder\n|move|p2b: Sr. Beatdown|Throat Chop|p1b: Amoonguss\n|-damage|p1b: Amoonguss|0 fnt\n|faint|p1b: Amoonguss\n|move|p1a: Groudon|Heat Crash|p2a: Definetly CSR\n|-damage|p2a: Definetly CSR|50/100\n|\n|upkeep\n|inactive|Glinteighty has 30 seconds left.\n|\n|t:|1746137143\n|switch|p1b: Urshifu|Urshifu, L50, F|100/100\n|turn|8\n|-message|thedbeast777 forfeited.\n|\n|win|Glinteighty\n|l|\u2606thedbeast777\n|player|p2|\n||thedbeast777 is ready for game 2.\n||Glinteighty is ready for game 2.\n|uhtml|next|Next: <a href=\"/battle-gen9vgc2025regibo3-2354971010\"><strong>Game 2 of 3</strong></a>\n|l|\u2606Glinteighty\n|player|p1|\n", "uploadtime": 1746137521, "views": 5, "formatid": "gen9vgc2025regibo3", "rating": null, "private": 0, "password": null}