{"id": "gen9vgc2025regibo3-2354069058", "format": "[Gen 9] VGC 2025 Reg I (Bo3)", "players": ["MatthewJi\u5e7b\u6b87\u79cb\u51a5VGC", "Yoddle Yoddle"], "log": "|j|\u2606MatthewJi\u5e7b\u6b87\u79cb\u51a5VGC\n|j|\u2606Yoddle Yoddle\n|html|<table width=\"100%\"><tr><td align=\"left\">MatthewJi\u5e7b\u6b87\u79cb\u51a5VGC</td><td align=\"right\">Yoddle Yoddle</tr><tr><td align=\"left\"><i class=\"fa fa-circle-o\"></i> <i class=\"fa fa-circle-o\"></i> </td><td align=\"right\"><i class=\"fa fa-circle-o\"></i> <i class=\"fa fa-circle\"></i> </tr></table>\n|uhtml|bestof|<h2><strong>Game 2</strong> of <a href=\"/game-bestof3-gen9vgc2025regibo3-2354066298\">a best-of-3</a></h2>\n|t:|1746032190\n|gametype|doubles\n|player|p1|MatthewJi\u5e7b\u6b87\u79cb\u51a5VGC|lucas|1175\n|player|p2|Yoddle Yoddle|backpacker|1209\n|teamsize|p1|6\n|teamsize|p2|6\n|gen|9\n|tier|[Gen 9] VGC 2025 Reg I (Bo3)\n|rated|\n|rule|Species Clause: Limit one of each Pok\u00e9mon\n|rule|Item Clause: Limit 1 of each item\n|clearpoke\n|poke|p1|Koraidon, L50|\n|poke|p1|Lunala, L50|\n|poke|p1|Umbreon, L50, M|\n|poke|p1|Raging Bolt, L50|\n|poke|p1|Flutter Mane, L50|\n|poke|p1|Ursaluna, L50, F|\n|poke|p2|Zamazenta-*, L50|\n|poke|p2|Chien-Pao, L50|\n|poke|p2|Lunala, L50|\n|poke|p2|Indeedee-F, L50, F|\n|poke|p2|Sneasler, L50, M|\n|poke|p2|Gouging Fire, L50|\n|teampreview|4\n|showteam|p1|Koraidon||ClearAmulet|OrichalcumPulse|CollisionCourse,FlareBlitz,FlameCharge,Protect||||||50|,,,,,Fire]Lunala||SafetyGoggles|ShadowShield|MoongeistBeam,Moonblast,WideGuard,TrickRoom||||||50|,,,,,Fairy]Umbreon||ChopleBerry|InnerFocus|FoulPlay,Taunt,Snarl,Yawn|||M|||50|,,,,,Bug]Raging Bolt||AssaultVest|Protosynthesis|Thunderclap,VoltSwitch,DracoMeteor,Thunderbolt||||||50|,,,,,Fairy]Flutter Mane||FocusSash|Protosynthesis|Moonblast,ShadowBall,IcyWind,Protect||||||50|,,,,,Fairy]Ursaluna||FlameOrb|Guts|Facade,HeadlongRush,Substitute,Protect|||F|||50|,,,,,Ghost\n|showteam|p2|Zamazenta-Crowned||RustedShield|DauntlessShield|behemothbash,BodyPress,Protect,WideGuard||||||50|,,,,,Dragon]Chien-Pao||FocusSash|SwordofRuin|Protect,ThroatChop,SacredSword,IcyWind||||||50|,,,,,Stellar]Lunala||PowerHerb|ShadowShield|MoongeistBeam,ExpandingForce,MeteorBeam,TrickRoom||||||50|,,,,,Water]Indeedee-F||SafetyGoggles|PsychicSurge|FollowMe,TrickRoom,AlluringVoice,HealPulse|||F|||50|,,,,,Fairy]Sneasler||PsychicSeed|Unburden|DireClaw,ThroatChop,ToxicSpikes,CloseCombat|||M|||50|,,,,,Ghost]Gouging Fire||BoosterEnergy|Protosynthesis|BurningBulwark,Howl,FlareBlitz,DragonClaw||||||50|,,,,,Water\n|\n|t:|1746032211\n|start\n|switch|p1a: Ursaluna|Ursaluna, L50, F|100/100\n|switch|p1b: Lunala|Lunala, L50|100/100\n|switch|p2a: Sneasler|Sneasler, L50, M|100/100\n|switch|p2b: Indeedee|Indeedee-F, L50, F|100/100\n|-fieldstart|move: Psychic Terrain|[from] ability: Psychic Surge|[of] p2b: Indeedee\n|-enditem|p2a: Sneasler|Psychic Seed\n|-boost|p2a: Sneasler|spd|1|[from] item: Psychic Seed\n|turn|1\n|\n|t:|1746032245\n|switch|p2b: Lunala|Lunala, L50|100/100\n|move|p2a: Sneasler|Throat Chop|p1b: Lunala\n|-supereffective|p1b: Lunala\n|-damage|p1b: Lunala|57/100\n|-start|p1b: Lunala|Throat Chop|[silent]\n|move|p1a: Ursaluna|Substitute|p1a: Ursaluna\n|-start|p1a: Ursaluna|Substitute\n|-damage|p1a: Ursaluna|76/100\n|move|p1b: Lunala|Trick Room|p1b: Lunala\n|-fieldstart|move: Trick Room|[of] p1b: Lunala\n|\n|-status|p1a: Ursaluna|brn|[from] item: Flame Orb\n|upkeep\n|turn|2\n|\n|t:|1746032271\n|switch|p2a: Indeedee|Indeedee-F, L50, F|100/100\n|-terastallize|p2b: Lunala|Water\n|move|p1a: Ursaluna|Headlong Rush|p2b: Lunala\n|-damage|p2b: Lunala|63/100\n|-unboost|p1a: Ursaluna|def|1\n|-unboost|p1a: Ursaluna|spd|1\n|move|p1b: Lunala|Moongeist Beam|p2b: Lunala\n|-damage|p2b: Lunala|16/100\n|move|p2b: Lunala|Expanding Force|p1b: Lunala|[spread] p1a,p1b\n|-end|p1a: Ursaluna|Substitute\n|-resisted|p1b: Lunala\n|-damage|p1b: Lunala|37/100\n|\n|-damage|p1a: Ursaluna|70/100 brn|[from] brn\n|-end|p1b: Lunala|Throat Chop|[silent]\n|upkeep\n|turn|3\n|\n|t:|1746032295\n|move|p2a: Indeedee|Follow Me|p2a: Indeedee\n|-singleturn|p2a: Indeedee|move: Follow Me\n|move|p1a: Ursaluna|Facade|p2a: Indeedee\n|-damage|p2a: Indeedee|0 fnt\n|faint|p2a: Indeedee\n|move|p1b: Lunala|Moongeist Beam|p2b: Lunala\n|-damage|p2b: Lunala|0 fnt\n|faint|p2b: Lunala\n|\n|-damage|p1a: Ursaluna|64/100 brn|[from] brn\n|upkeep\n|\n|t:|1746032303\n|switch|p2a: Sneasler|Sneasler, L50, M|100/100\n|switch|p2b: Zamazenta|Zamazenta-Crowned, L50|100/100\n|-ability|p2b: Zamazenta|Dauntless Shield|boost\n|-boost|p2b: Zamazenta|def|1\n|turn|4\n|\n|t:|1746032326\n|-terastallize|p1a: Ursaluna|Ghost\n|move|p1a: Ursaluna|Headlong Rush|p2a: Sneasler\n|-supereffective|p2a: Sneasler\n|-damage|p2a: Sneasler|0 fnt\n|-unboost|p1a: Ursaluna|def|1\n|-unboost|p1a: Ursaluna|spd|1\n|faint|p2a: Sneasler\n|move|p1b: Lunala|Moongeist Beam|p2b: Zamazenta\n|-damage|p2b: Zamazenta|57/100\n|move|p2b: Zamazenta|Body Press|p1a: Ursaluna\n|-immune|p1a: Ursaluna\n|\n|-damage|p1a: Ursaluna|58/100 brn|[from] brn\n|upkeep\n|turn|5\n|\n|t:|1746032341\n|move|p2b: Zamazenta|Protect|p2b: Zamazenta\n|-singleturn|p2b: Zamazenta|Protect\n|move|p1a: Ursaluna|Substitute|p1a: Ursaluna\n|-start|p1a: Ursaluna|Substitute\n|-damage|p1a: Ursaluna|33/100 brn\n|move|p1b: Lunala|Moongeist Beam|p2b: Zamazenta\n|-activate|p2b: Zamazenta|move: Protect\n|\n|-damage|p1a: Ursaluna|27/100 brn|[from] brn\n|-fieldend|move: Trick Room\n|-fieldend|move: Psychic Terrain\n|upkeep\n|turn|6\n|-message|Yoddle Yoddle forfeited.\n|\n|win|MatthewJi\u5e7b\u6b87\u79cb\u51a5VGC\n||Yoddle Yoddle is ready for game 3.\n||MatthewJi\u5e7b\u6b87\u79cb\u51a5VGC is ready for game 3.\n|uhtml|next|Next: <a href=\"/battle-gen9vgc2025regibo3-2354070849\"><strong>Game 3 of 3</strong></a>\n|l|\u2606MatthewJi\u5e7b\u6b87\u79cb\u51a5VGC\n|player|p1|\n", "uploadtime": 1746032570, "views": 7, "formatid": "gen9vgc2025regibo3", "rating": null, "private": 0, "password": null}