{"id": "gen9vgc2025regibo3-2353666869", "format": "[Gen 9] VGC 2025 Reg I (Bo3)", "players": ["mil0battles", "nukan up"], "log": "|j|\u2606mil0battles\n|j|\u2606nukan up\n|html|<table width=\"100%\"><tr><td align=\"left\">mil0battles</td><td align=\"right\">nukan up</tr><tr><td align=\"left\"><i class=\"fa fa-circle\"></i> <i class=\"fa fa-circle-o\"></i> </td><td align=\"right\"><i class=\"fa fa-circle-o\"></i> <i class=\"fa fa-circle\"></i> </tr></table>\n|uhtml|bestof|<h2><strong>Game 3</strong> of <a href=\"/game-bestof3-gen9vgc2025regibo3-2353663933\">a best-of-3</a></h2>\n|t:|1745981053\n|gametype|doubles\n|player|p1|mil0battles|pokemonranger-gen4|1201\n|player|p2|nukan up|169|1231\n|teamsize|p1|6\n|teamsize|p2|6\n|gen|9\n|tier|[Gen 9] VGC 2025 Reg I (Bo3)\n|rated|\n|rule|Species Clause: Limit one of each Pok\u00e9mon\n|rule|Item Clause: Limit 1 of each item\n|clearpoke\n|poke|p1|Zacian-*, L50|\n|poke|p1|Calyrex-Shadow, L50|\n|poke|p1|Tornadus, L50, M|\n|poke|p1|Indeedee-F, L50, F|\n|poke|p1|Urshifu-*, L50, F|\n|poke|p1|Ursaluna, L50, F|\n|poke|p2|Calyrex-Shadow, L50|\n|poke|p2|Zamazenta-*, L50|\n|poke|p2|Tornadus, L50, M|\n|poke|p2|Chi-Yu, L50|\n|poke|p2|Raging Bolt, L50|\n|poke|p2|Farigiraf, L50, F|\n|teampreview|4\n|showteam|p1|Zacian-Crowned||RustedSword|IntrepidSword|Protect,PlayRough,behemothblade,SacredSword||||||50|,,,,,Stellar]Calyrex-Shadow||LifeOrb|AsOneSpectrier|ExpandingForce,AstralBarrage,NastyPlot,Protect||||||50|,,,,,Normal]Tornadus||CovertCloak|Prankster|RainDance,Tailwind,BleakwindStorm,Taunt|||M|||50|,,,,,Dark]Indeedee-F||PsychicSeed|PsychicSurge|FollowMe,TrickRoom,Imprison,HelpingHand|||F|||50|,,,,,Fairy]Urshifu-Rapid-Strike||ChoiceScarf|UnseenFist|Coaching,SurgingStrikes,AquaJet,CloseCombat|||F|||50|,,,,,Stellar]Ursaluna||FlameOrb|Guts|Facade,HeadlongRush,RockSlide,Protect|||F|||50|,,,,,Fire\n|showteam|p2|Calyrex-Shadow||LifeOrb|AsOneSpectrier|AstralBarrage,Psychic,Disable,Protect||||||50|,,,,,Normal]Zamazenta-Crowned||RustedShield|DauntlessShield|BodyPress,HeavySlam,WideGuard,Protect||||||50|,,,,,Dragon]Tornadus||CovertCloak|Prankster|Tailwind,SunnyDay,IcyWind,BleakwindStorm|||M|||50|,,,,,Water]Chi-Yu||ChoiceScarf|BeadsofRuin|Snarl,DarkPulse,HeatWave,Overheat||||||50|,,,,,Ghost]Raging Bolt||AssaultVest|Protosynthesis|Electroweb,Snarl,DragonPulse,Thunderclap||||||50|,,,,,Electric]Farigiraf||ThroatSpray|ArmorTail|Psyshock,HelpingHand,HyperVoice,TrickRoom|||F|||50|,,,,,Normal\n|inactive|Battle timer is ON: inactive players will automatically lose when time's up. (requested by nukan up)\n|\n|t:|1745981078\n|start\n|switch|p1a: Tornadus|Tornadus, L50, M|100/100\n|switch|p1b: Urshifu|Urshifu-Rapid-Strike, L50, F|100/100\n|switch|p2a: Raging Bolt|Raging Bolt, L50|100/100\n|switch|p2b: Tornadus|Tornadus, L50, M|100/100\n|turn|1\n|\n|t:|1745981103\n|switch|p1b: Zacian|Zacian-Crowned, L50|100/100\n|-ability|p1b: Zacian|Intrepid Sword|boost\n|-boost|p1b: Zacian|atk|1\n|-terastallize|p1a: Tornadus|Dark\n|move|p1a: Tornadus|Tailwind|p1a: Tornadus\n|-sidestart|p1: mil0battles|move: Tailwind\n|move|p2b: Tornadus|Sunny Day|p2b: Tornadus\n|-weather|SunnyDay\n|-activate|p2a: Raging Bolt|ability: Protosynthesis\n|-start|p2a: Raging Bolt|protosynthesisspa\n|move|p2a: Raging Bolt|Electroweb|p1a: Tornadus|[spread] p1a,p1b\n|-damage|p1a: Tornadus|70/100\n|-damage|p1b: Zacian|76/100\n|-unboost|p1b: Zacian|spe|1\n|\n|-weather|SunnyDay|[upkeep]\n|upkeep\n|turn|2\n|\n|t:|1745981123\n|switch|p2b: Zamazenta|Zamazenta-Crowned, L50|100/100\n|-ability|p2b: Zamazenta|Dauntless Shield|boost\n|-boost|p2b: Zamazenta|def|1\n|-terastallize|p2a: Raging Bolt|Electric\n|move|p1a: Tornadus|Taunt|p2b: Zamazenta\n|-start|p2b: Zamazenta|move: Taunt\n|move|p2a: Raging Bolt|Thunderclap|p1b: Zacian\n|-damage|p1b: Zacian|19/100\n|move|p1b: Zacian|Play Rough|p2a: Raging Bolt\n|-damage|p2a: Raging Bolt|38/100\n|\n|-weather|SunnyDay|[upkeep]\n|upkeep\n|turn|3\n|inactive|nukan up has 30 seconds left.\n|inactive|nukan up has 20 seconds left.\n|\n|t:|1745981159\n|move|p1a: Tornadus|Rain Dance|p1a: Tornadus\n|-weather|RainDance\n|-end|p2a: Raging Bolt|Protosynthesis\n|move|p2a: Raging Bolt|Thunderclap||[still]\n|-fail|p2a: Raging Bolt\n|move|p1b: Zacian|Play Rough|p2a: Raging Bolt\n|-damage|p2a: Raging Bolt|0 fnt\n|faint|p2a: Raging Bolt\n|-end|p2a: Raging Bolt|Protosynthesis|[silent]\n|move|p2b: Zamazenta|Body Press|p1b: Zacian\n|-damage|p1b: Zacian|0 fnt\n|faint|p1b: Zacian\n|\n|-weather|RainDance|[upkeep]\n|upkeep\n|\n|t:|1745981172\n|switch|p1b: Urshifu|Urshifu-Rapid-Strike, L50, F|100/100\n|switch|p2a: Tornadus|Tornadus, L50, M|100/100\n|turn|4\n|\n|t:|1745981187\n|switch|p1a: Calyrex|Calyrex-Shadow, L50|100/100\n|-ability|p1a: Calyrex|As One\n|-ability|p1a: Calyrex|Unnerve\n|switch|p2a: Calyrex|Calyrex-Shadow, L50|100/100\n|-ability|p2a: Calyrex|As One\n|-ability|p2a: Calyrex|Unnerve\n|move|p1b: Urshifu|Surging Strikes|p2a: Calyrex\n|-crit|p2a: Calyrex\n|-damage|p2a: Calyrex|57/100\n|-crit|p2a: Calyrex\n|-damage|p2a: Calyrex|12/100\n|-crit|p2a: Calyrex\n|-damage|p2a: Calyrex|0 fnt\n|faint|p2a: Calyrex\n|-hitcount|p2: Calyrex|3\n|move|p2b: Zamazenta|Body Press|p1a: Calyrex\n|-immune|p1a: Calyrex\n|\n|-weather|RainDance|[upkeep]\n|-end|p2b: Zamazenta|move: Taunt\n|-sideend|p1: mil0battles|move: Tailwind\n|upkeep\n|\n|t:|1745981189\n|switch|p2a: Tornadus|Tornadus, L50, M|100/100\n|turn|5\n|-message|nukan up forfeited.\n|\n|win|mil0battles\n|raw|mil0battles's rating: 1201 &rarr; <strong>1228</strong><br />(+27 for winning)\n|raw|nukan up's rating: 1231 &rarr; <strong>1204</strong><br />(-27 for losing)\n|l|\u2606nukan up\n|player|p2|\n", "uploadtime": 1745981201, "views": 11, "formatid": "gen9vgc2025regibo3", "rating": 1204, "private": 0, "password": null}