{"id": "gen9vgc2025regibo3-2353868845", "format": "[Gen 9] VGC 2025 Reg I (Bo3)", "players": ["eratakate", "Bmcqueen"], "log": "|j|\u2606eratakate\n|j|\u2606Bmcqueen\n|html|<table width=\"100%\"><tr><td align=\"left\">eratakate</td><td align=\"right\">Bmcqueen</tr><tr><td align=\"left\"><i class=\"fa fa-circle-o\"></i> <i class=\"fa fa-circle-o\"></i> </td><td align=\"right\"><i class=\"fa fa-circle-o\"></i> <i class=\"fa fa-circle\"></i> </tr></table>\n|uhtml|bestof|<h2><strong>Game 2</strong> of <a href=\"/game-bestof3-gen9vgc2025regibo3-2353867568\">a best-of-3</a></h2>\n|t:|1746012744\n|gametype|doubles\n|player|p1|eratakate|1|1355\n|player|p2|Bmcqueen|rood|1299\n|teamsize|p1|6\n|teamsize|p2|6\n|gen|9\n|tier|[Gen 9] VGC 2025 Reg I (Bo3)\n|rated|\n|rule|Species Clause: Limit one of each Pok\u00e9mon\n|rule|Item Clause: Limit 1 of each item\n|clearpoke\n|poke|p1|Miraidon, L50|\n|poke|p1|Calyrex-Shadow, L50|\n|poke|p1|Incineroar, L50, F|\n|poke|p1|Whimsicott, L50, F|\n|poke|p1|Iron Hands, L50|\n|poke|p1|Chi-Yu, L50|\n|poke|p2|Tyranitar, L50, M|\n|poke|p2|Excadrill, L50, F|\n|poke|p2|Farigiraf, L50, F|\n|poke|p2|Miraidon, L50|\n|poke|p2|Ho-Oh, L50|\n|poke|p2|Iron Bundle, L50|\n|teampreview|4\n|showteam|p1|Miraidon||ChoiceSpecs|HadronEngine|VoltSwitch,DracoMeteor,ElectroDrift,DazzlingGleam||||||50|,,,,,Fairy]Calyrex-Shadow||SpookyPlate|AsOneSpectrier|AstralBarrage,Psychic,NastyPlot,Protect||||||50|,,,,,Dark]Incineroar||RockyHelmet|Intimidate|Taunt,PartingShot,FakeOut,KnockOff|||F|||50|,,,,,Ghost]Whimsicott||CovertCloak|Prankster|Moonblast,Tailwind,LightScreen,Encore|||F|||50|,,,,,Dark]Iron Hands||AssaultVest|QuarkDrive|DrainPunch,LowKick,FakeOut,HeavySlam||||||50|,,,,,Water]Chi-Yu||ChoiceScarf|BeadsofRuin|HeatWave,Overheat,DarkPulse,Snarl||||||50|,,,,,Ghost\n|showteam|p2|Tyranitar||AssaultVest|SandStream|RockSlide,KnockOff,LowKick,TeraBlast|||M|||50|,,,,,Flying]Excadrill||LifeOrb|SandRush|HighHorsepower,Earthquake,IronHead,Protect|||F|||50|,,,,,Ground]Farigiraf||ElectricSeed|ArmorTail|Psychic,FoulPlay,TrickRoom,Imprison|||F|||50|,,,,,Steel]Miraidon||ChoiceSpecs|HadronEngine|ElectroDrift,DracoMeteor,VoltSwitch,DazzlingGleam||||||50|,,,,,Fairy]Ho-Oh||ClearAmulet|Regenerator|BraveBird,SacredFire,Tailwind,Protect||||||50|,,,,,Grass]Iron Bundle||FocusSash|QuarkDrive|FreezeDry,IcyWind,Encore,Protect||||||50|,,,,,Ghost\n|inactive|Battle timer is ON: inactive players will automatically lose when time's up. (requested by Bmcqueen)\n|inactive|eratakate has 60 seconds left.\n|inactive|Bmcqueen has 60 seconds left.\n|\n|t:|1746012791\n|start\n|switch|p1a: Incineroar|Incineroar, L50, F|100/100\n|switch|p1b: Miraidon|Miraidon, L50|100/100\n|switch|p2a: Miraidon|Miraidon, L50|100/100\n|switch|p2b: Iron Bundle|Iron Bundle, L50|100/100\n|-fieldstart|move: Electric Terrain|[from] ability: Hadron Engine|[of] p2a: Miraidon\n|-activate|p2b: Iron Bundle|ability: Quark Drive\n|-start|p2b: Iron Bundle|quarkdrivespe\n|-activate|p1b: Miraidon|ability: Hadron Engine\n|-ability|p1a: Incineroar|Intimidate|boost\n|-unboost|p2a: Miraidon|atk|1\n|-unboost|p2b: Iron Bundle|atk|1\n|turn|1\n|inactive|eratakate has 30 seconds left.\n|inactive|Bmcqueen has 30 seconds left.\n|inactive|Bmcqueen has 20 seconds left.\n|inactive|Bmcqueen has 15 seconds left.\n|inactive|Bmcqueen has 10 seconds left.\n|inactive|Bmcqueen has 5 seconds left.\n|\n|t:|1746012842\n|-terastallize|p2a: Miraidon|Fairy\n|move|p2b: Iron Bundle|Protect|p2b: Iron Bundle\n|-singleturn|p2b: Iron Bundle|Protect\n|move|p2a: Miraidon|Electro Drift|p1a: Incineroar\n|-damage|p1a: Incineroar|0 fnt\n|-damage|p2a: Miraidon|84/100|[from] item: Rocky Helmet|[of] p1a: Incineroar\n|faint|p1a: Incineroar\n|move|p1b: Miraidon|Volt Switch|p2a: Miraidon\n|-crit|p2a: Miraidon\n|-damage|p2a: Miraidon|0 fnt\n|faint|p2a: Miraidon\n|\n|t:|1746012866\n|switch|p1b: Iron Hands|Iron Hands, L50|100/100|[from] Volt Switch\n|-activate|p1b: Iron Hands|ability: Quark Drive\n|-start|p1b: Iron Hands|quarkdriveatk\n|\n|upkeep\n|\n|t:|1746012877\n|switch|p2a: Excadrill|Excadrill, L50, F|100/100\n|switch|p1a: Miraidon|Miraidon, L50|100/100\n|-activate|p1a: Miraidon|ability: Hadron Engine\n|turn|2\n|inactive|eratakate has 30 seconds left.\n|inactive|Bmcqueen has 30 seconds left.\n|inactive|eratakate has 20 seconds left.\n|\n|t:|1746012913\n|-end|p2b: Iron Bundle|Quark Drive|[silent]\n|switch|p2b: Tyranitar|Tyranitar, L50, M|100/100\n|-weather|Sandstorm|[from] ability: Sand Stream|[of] p2b: Tyranitar\n|move|p2a: Excadrill|Protect|p2a: Excadrill\n|-singleturn|p2a: Excadrill|Protect\n|move|p1b: Iron Hands|Fake Out|p2a: Excadrill\n|-activate|p2a: Excadrill|move: Protect\n|move|p1a: Miraidon|Electro Drift|p2b: Tyranitar\n|-damage|p2b: Tyranitar|46/100\n|\n|-weather|Sandstorm|[upkeep]\n|-damage|p1a: Miraidon|94/100|[from] Sandstorm\n|-damage|p1b: Iron Hands|94/100|[from] Sandstorm\n|upkeep\n|turn|3\n|inactive|Bmcqueen has 30 seconds left.\n|inactive|Bmcqueen has 20 seconds left.\n|inactive|Bmcqueen has 15 seconds left.\n|inactive|Bmcqueen has 10 seconds left.\n|inactive|Bmcqueen has 5 seconds left.\n|\n|t:|1746012968\n|switch|p1a: Calyrex|Calyrex-Shadow, L50|100/100\n|-ability|p1a: Calyrex|As One\n|-ability|p1a: Calyrex|Unnerve\n|-terastallize|p1b: Iron Hands|Water\n|move|p2a: Excadrill|High Horsepower|p1b: Iron Hands\n|-damage|p1b: Iron Hands|38/100\n|-damage|p2a: Excadrill|91/100|[from] item: Life Orb\n|move|p2b: Tyranitar|Rock Slide|p1b: Iron Hands|[spread] p1a,p1b\n|-damage|p1a: Calyrex|66/100\n|-damage|p1b: Iron Hands|16/100\n|move|p1b: Iron Hands|Drain Punch|p2a: Excadrill\n|-supereffective|p2a: Excadrill\n|-damage|p2a: Excadrill|0 fnt\n|-heal|p1b: Iron Hands|52/100|[from] drain|[of] p2a: Excadrill\n|faint|p2a: Excadrill\n|\n|-weather|Sandstorm|[upkeep]\n|-damage|p1a: Calyrex|60/100|[from] Sandstorm\n|-damage|p1b: Iron Hands|46/100|[from] Sandstorm\n|upkeep\n|\n|t:|1746012990\n|switch|p2a: Iron Bundle|Iron Bundle, L50|100/100\n|-activate|p2a: Iron Bundle|ability: Quark Drive\n|-start|p2a: Iron Bundle|quarkdrivespe\n|turn|4\n|\n|t:|1746013000\n|move|p2a: Iron Bundle|Freeze-Dry|p1b: Iron Hands\n|-supereffective|p1b: Iron Hands\n|-damage|p1b: Iron Hands|7/100\n|move|p1a: Calyrex|Astral Barrage|p2b: Tyranitar|[spread] p2a,p2b\n|-resisted|p2b: Tyranitar\n|-enditem|p2a: Iron Bundle|Focus Sash\n|-damage|p2a: Iron Bundle|1/100\n|-damage|p2b: Tyranitar|37/100\n|move|p2b: Tyranitar|Knock Off|p1b: Iron Hands\n|-damage|p1b: Iron Hands|0 fnt\n|-enditem|p1b: Iron Hands|Assault Vest|[from] move: Knock Off|[of] p2b: Tyranitar\n|faint|p1b: Iron Hands\n|-end|p1b: Iron Hands|Quark Drive|[silent]\n|\n|-weather|Sandstorm|[upkeep]\n|-damage|p2a: Iron Bundle|0 fnt|[from] Sandstorm\n|-damage|p1a: Calyrex|54/100|[from] Sandstorm\n|faint|p2a: Iron Bundle\n|-end|p2a: Iron Bundle|Quark Drive|[silent]\n|upkeep\n|\n|t:|1746013003\n|switch|p1b: Miraidon|Miraidon, L50|94/100\n|-activate|p1b: Miraidon|ability: Hadron Engine\n|turn|5\n|-message|Bmcqueen forfeited.\n|\n|win|eratakate\n|l|\u2606Bmcqueen\n|player|p2|\n||eratakate is ready for game 3.\n|inactive|Bmcqueen has 30 seconds to confirm battle start!\n||Bmcqueen is ready for game 3.\n|uhtml|next|Next: <a href=\"/battle-gen9vgc2025regibo3-2353871010\"><strong>Game 3 of 3</strong></a>\n", "uploadtime": 1746013312, "views": 7, "formatid": "gen9vgc2025regibo3", "rating": null, "private": 0, "password": null}