{"id": "gen9vgc2025regibo3-2354777068", "format": "[Gen 9] VGC 2025 Reg I (Bo3)", "players": ["LunaSunChris", "Ronlogg"], "log": "|j|\u2606LunaSunChris\n|j|\u2606Ronlogg\n|html|<table width=\"100%\"><tr><td align=\"left\">LunaSunChris</td><td align=\"right\">Ronlogg</tr><tr><td align=\"left\"><i class=\"fa fa-circle-o\"></i> <i class=\"fa fa-circle-o\"></i> </td><td align=\"right\"><i class=\"fa fa-circle-o\"></i> <i class=\"fa fa-circle-o\"></i> </tr></table>\n|uhtml|bestof|<h2><strong>Game 1</strong> of <a href=\"/game-bestof3-gen9vgc2025regibo3-2354777066\">a best-of-3</a></h2>\n|t:|1746118843\n|gametype|doubles\n|player|p1|LunaSunChris|rood|1237\n|player|p2|Ronlogg|169|1184\n|teamsize|p1|6\n|teamsize|p2|6\n|gen|9\n|tier|[Gen 9] VGC 2025 Reg I (Bo3)\n|rated|\n|rule|Species Clause: Limit one of each Pok\u00e9mon\n|rule|Item Clause: Limit 1 of each item\n|clearpoke\n|poke|p1|Groudon, L50|\n|poke|p1|Lunala, L50|\n|poke|p1|Incineroar, L50, M|\n|poke|p1|Alcremie-Matcha-Cream, L50, F|\n|poke|p1|Walking Wake, L50|\n|poke|p1|Rillaboom, L50, M|\n|poke|p2|Miraidon, L50|\n|poke|p2|Urshifu-*, L50, F|\n|poke|p2|Pelipper, L50, M|\n|poke|p2|Calyrex-Ice, L50|\n|poke|p2|Iron Hands, L50|\n|poke|p2|Ogerpon-Cornerstone, L50, F|\n|teampreview|4\n|showteam|p1|Groudon||ClearAmulet|Drought|PrecipiceBlades,HeatCrash,StompingTantrum,Protect||||||50|,,,,,Fire]Lunala||PowerHerb|ShadowShield|MoongeistBeam,MeteorBeam,WideGuard,TrickRoom||||||50|,,,,,Fairy]Incineroar||SafetyGoggles|Intimidate|KnockOff,FakeOut,FlareBlitz,PartingShot|||M|||50|,,,,,Ghost]Alcremie-Matcha-Cream||CovertCloak|SweetVeil|DazzlingGleam,Decorate,LightScreen,Charm|||F|||50|,,,,,Water]Walking Wake||LifeOrb|Protosynthesis|WeatherBall,HydroSteam,DracoMeteor,Protect||||||50|,,,,,Fire]Rillaboom||AssaultVest|GrassySurge|FakeOut,GrassyGlide,Uturn,WoodHammer|||M|||50|,,,,,Fire\n|showteam|p2|Miraidon||ChoiceSpecs|HadronEngine|ElectroDrift,DracoMeteor,DazzlingGleam,VoltSwitch||||||50|,,,,,Fairy]Urshifu-Rapid-Strike||ChoiceScarf|UnseenFist|SurgingStrikes,CloseCombat,Coaching,Uturn|||F|||50|,,,,,Ghost]Pelipper||FocusSash|Drizzle|Hurricane,WeatherBall,WideGuard,Tailwind|||M|||50|,,,,,Ghost]Calyrex-Ice||ClearAmulet|AsOneGlastrier|GlacialLance,HighHorsepower,TrickRoom,Protect||||||50|,,,,,Fire]Iron Hands||AssaultVest|QuarkDrive|DrainPunch,LowKick,WildCharge,FakeOut||||||50|,,,,,Water]Ogerpon-Cornerstone||CornerstoneMask|Sturdy|IvyCudgel,PowerWhip,FollowMe,SpikyShield|||F|||50|,,,,,Rock\n|inactive|Battle timer is ON: inactive players will automatically lose when time's up. (requested by Ronlogg)\n|\n|t:|1746118938\n|start\n|switch|p1a: Lunala|Lunala, L50|100/100\n|switch|p1b: Incineroar|Incineroar, L50, M|100/100\n|switch|p2a: Urshifu|Urshifu-Rapid-Strike, L50, F|100/100\n|switch|p2b: Miraidon|Miraidon, L50|100/100\n|-fieldstart|move: Electric Terrain|[from] ability: Hadron Engine|[of] p2b: Miraidon\n|-ability|p1b: Incineroar|Intimidate|boost\n|-unboost|p2a: Urshifu|atk|1\n|-unboost|p2b: Miraidon|atk|1\n|turn|1\n|inactive|LunaSunChris has 30 seconds left.\n|inactive|Ronlogg has 30 seconds left.\n|inactive|LunaSunChris has 20 seconds left.\n|inactive|Ronlogg has 20 seconds left.\n|inactive|LunaSunChris has 15 seconds left.\n|inactive|Ronlogg has 15 seconds left.\n|inactive|Ronlogg has 10 seconds left.\n|\n|t:|1746118993\n|move|p1b: Incineroar|Fake Out|p2b: Miraidon\n|-damage|p2b: Miraidon|89/100\n|move|p2a: Urshifu|U-turn|p1a: Lunala\n|-damage|p1a: Lunala|94/100\n|\n|t:|1746118999\n|switch|p2a: Pelipper|Pelipper, L50, M|100/100|[from] U-turn\n|-weather|RainDance|[from] ability: Drizzle|[of] p2a: Pelipper\n|cant|p2b: Miraidon|flinch\n|move|p1a: Lunala|Trick Room|p1a: Lunala\n|-fieldstart|move: Trick Room|[of] p1a: Lunala\n|\n|-weather|RainDance|[upkeep]\n|upkeep\n|turn|2\n|inactive|LunaSunChris has 30 seconds left.\n|inactive|LunaSunChris has 20 seconds left.\n|\n|t:|1746119035\n|move|p1b: Incineroar|Parting Shot|p2b: Miraidon\n|-unboost|p2b: Miraidon|atk|1\n|-unboost|p2b: Miraidon|spa|1\n|\n|t:|1746119042\n|switch|p1b: Groudon|Groudon, L50|100/100|[from] Parting Shot\n|-weather|SunnyDay|[from] ability: Drought|[of] p1b: Groudon\n|move|p2a: Pelipper|Weather Ball|p1b: Groudon\n|-crit|p1b: Groudon\n|-damage|p1b: Groudon|41/100\n|move|p1a: Lunala|Meteor Beam||[still]\n|-prepare|p1a: Lunala|Meteor Beam\n|-boost|p1a: Lunala|spa|1\n|-enditem|p1a: Lunala|Power Herb\n|-anim|p1a: Lunala|Meteor Beam|p2a: Pelipper\n|-supereffective|p2a: Pelipper\n|-enditem|p2a: Pelipper|Focus Sash\n|-damage|p2a: Pelipper|1/100\n|move|p2b: Miraidon|Volt Switch|p1a: Lunala\n|-damage|p1a: Lunala|44/100\n|\n|t:|1746119054\n|switch|p2b: Calyrex|Calyrex-Ice, L50|100/100|[from] Volt Switch\n|-ability|p2b: Calyrex|As One\n|-ability|p2b: Calyrex|Unnerve\n|\n|-weather|SunnyDay|[upkeep]\n|upkeep\n|turn|3\n|inactive|LunaSunChris has 30 seconds left.\n|inactive|LunaSunChris has 20 seconds left.\n|inactive|Ronlogg has 30 seconds left.\n|\n|t:|1746119103\n|move|p2b: Calyrex|Glacial Lance|p1a: Lunala|[spread] p1a,p1b\n|-supereffective|p1b: Groudon\n|-damage|p1a: Lunala|0 fnt\n|-damage|p1b: Groudon|0 fnt\n|faint|p1a: Lunala\n|faint|p1b: Groudon\n|-ability|p2b: Calyrex|Chilling Neigh|boost\n|-boost|p2b: Calyrex|atk|2\n|move|p2a: Pelipper|Weather Ball|p1: Lunala|[notarget]\n|-fail|p2a: Pelipper\n|\n|-weather|SunnyDay|[upkeep]\n|upkeep\n|\n|t:|1746119109\n|switch|p1b: Walking Wake|Walking Wake, L50|100/100\n|switch|p1a: Incineroar|Incineroar, L50, M|100/100\n|-ability|p1a: Incineroar|Intimidate|boost\n|-unboost|p2a: Pelipper|atk|1\n|-fail|p2b: Calyrex|unboost|[from] item: Clear Amulet|[of] p2b: Calyrex\n|-activate|p1b: Walking Wake|ability: Protosynthesis\n|-start|p1b: Walking Wake|protosynthesisspe\n|turn|4\n|inactive|LunaSunChris has 30 seconds left.\n|\n|t:|1746119140\n|switch|p2a: Urshifu|Urshifu-Rapid-Strike, L50, F|100/100\n|move|p2b: Calyrex|Protect|p2b: Calyrex\n|-singleturn|p2b: Calyrex|Protect\n|move|p1a: Incineroar|Flare Blitz|p2b: Calyrex\n|-activate|p2b: Calyrex|move: Protect\n|move|p1b: Walking Wake|Hydro Steam|p2b: Calyrex\n|-activate|p2b: Calyrex|move: Protect\n|\n|-weather|SunnyDay|[upkeep]\n|upkeep\n|turn|5\n|-message|LunaSunChris forfeited.\n|\n|win|Ronlogg\n||Ronlogg is ready for game 2.\n|inactive|LunaSunChris has 30 seconds to confirm battle start!\n||LunaSunChris is ready for game 2.\n|uhtml|next|Next: <a href=\"/battle-gen9vgc2025regibo3-2354780705\"><strong>Game 2 of 3</strong></a>\n", "uploadtime": 1746119150, "views": 10, "formatid": "gen9vgc2025regibo3", "rating": null, "private": 0, "password": null}