{"id": "gen9vgc2025regibo3-2354787738", "format": "[Gen 9] VGC 2025 Reg I (Bo3)", "players": ["PandasonPanda", "DarthMorton"], "log": "|j|\u2606PandasonPanda\n|j|\u2606DarthMorton\n|html|<table width=\"100%\"><tr><td align=\"left\">PandasonPanda</td><td align=\"right\">DarthMorton</tr><tr><td align=\"left\"><i class=\"fa fa-circle-o\"></i> <i class=\"fa fa-circle-o\"></i> </td><td align=\"right\"><i class=\"fa fa-circle-o\"></i> <i class=\"fa fa-circle-o\"></i> </tr></table>\n|uhtml|bestof|<h2><strong>Game 1</strong> of <a href=\"/game-bestof3-gen9vgc2025regibo3-2354787736\">a best-of-3</a></h2>\n|t:|1746119776\n|gametype|doubles\n|player|p1|PandasonPanda|veteran|1192\n|player|p2|DarthMorton|pryce|1365\n|teamsize|p1|6\n|teamsize|p2|6\n|gen|9\n|tier|[Gen 9] VGC 2025 Reg I (Bo3)\n|rated|\n|rule|Species Clause: Limit one of each Pok\u00e9mon\n|rule|Item Clause: Limit 1 of each item\n|clearpoke\n|poke|p1|Charizard, L50, F|\n|poke|p1|Koraidon, L50|\n|poke|p1|Incineroar, L50, M|\n|poke|p1|Jumpluff, L50, F|\n|poke|p1|Zamazenta-*, L50|\n|poke|p1|Rillaboom, L50, M|\n|poke|p2|Zamazenta-*, L50|\n|poke|p2|Calyrex-Shadow, L50|\n|poke|p2|Tornadus, L50, M|\n|poke|p2|Urshifu-*, L50, M|\n|poke|p2|Rillaboom, L50, M|\n|poke|p2|Chien-Pao, L50|\n|teampreview|4\n|showteam|p1|Charizard||ChoiceSpecs|SolarPower|Overheat,DragonPulse,SolarBeam,HeatWave|||F|||50|,,,,,Ghost]Koraidon||ClearAmulet|OrichalcumPulse|FlameCharge,FlareBlitz,CollisionCourse,Protect||||||50|,,,,,Fighting]Incineroar||SitrusBerry|Intimidate|PartingShot,FakeOut,FlareBlitz,KnockOff|||M|||50|,,,,,Ghost]Jumpluff||CovertCloak|Chlorophyll|SunnyDay,Tailwind,SleepPowder,RagePowder|||F|||50|,,,,,Fire]Zamazenta-Crowned||RustedShield|DauntlessShield|behemothbash,BodyPress,WideGuard,Protect||||||50|,,,,,Grass]Rillaboom||AssaultVest|GrassySurge|GrassyGlide,WoodHammer,FakeOut,DrainPunch|||M|||50|,,,,,Grass\n|showteam|p2|Zamazenta-Crowned||RustedShield|DauntlessShield|BodyPress,HeavySlam,WideGuard,Protect||||||50|,,,,,Ghost]Calyrex-Shadow||FocusSash|AsOneSpectrier|AstralBarrage,Psychic,Encore,Protect||||||50|,,,,,Ghost]Tornadus||RockyHelmet|Prankster|BleakwindStorm,Tailwind,RainDance,Protect|||M|||50|,,,,,Dark]Urshifu-Rapid-Strike||MysticWater|UnseenFist|SurgingStrikes,CloseCombat,AquaJet,Detect|||M|||50|,,,,,Water]Rillaboom||AssaultVest|GrassySurge|WoodHammer,GrassyGlide,Uturn,FakeOut|||M|||50|,,,,,Fire]Chien-Pao||LifeOrb|SwordofRuin|SuckerPunch,IcicleCrash,IceShard,Protect||||||50|,,,,,Stellar\n|inactive|Battle timer is ON: inactive players will automatically lose when time's up. (requested by DarthMorton)\n|inactive|PandasonPanda has 60 seconds left.\n|inactive|DarthMorton has 60 seconds left.\n|inactive|PandasonPanda has 30 seconds left.\n|inactive|PandasonPanda has 20 seconds left.\n|inactive|PandasonPanda has 15 seconds left.\n|inactive|PandasonPanda has 10 seconds left.\n|inactive|PandasonPanda has 5 seconds left.\n|\n|t:|1746119861\n|start\n|switch|p1a: Zamazenta|Zamazenta-Crowned, L50|100/100\n|switch|p1b: Incineroar|Incineroar, L50, M|100/100\n|switch|p2a: Tornadus|Tornadus, L50, M|100/100\n|switch|p2b: Calyrex|Calyrex-Shadow, L50|100/100\n|-ability|p2b: Calyrex|As One\n|-ability|p2b: Calyrex|Unnerve\n|-ability|p1a: Zamazenta|Dauntless Shield|boost\n|-boost|p1a: Zamazenta|def|1\n|-ability|p1b: Incineroar|Intimidate|boost\n|-unboost|p2a: Tornadus|atk|1\n|-unboost|p2b: Calyrex|atk|1\n|turn|1\n|inactive|PandasonPanda has 30 seconds left.\n|\n|t:|1746119887\n|move|p1b: Incineroar|Fake Out|p2a: Tornadus\n|-damage|p2a: Tornadus|87/100\n|-damage|p1b: Incineroar|84/100|[from] item: Rocky Helmet|[of] p2a: Tornadus\n|cant|p2a: Tornadus|flinch\n|move|p2b: Calyrex|Psychic|p1a: Zamazenta\n|-damage|p1a: Zamazenta|53/100\n|move|p1a: Zamazenta|Behemoth Bash|p2b: Calyrex\n|-damage|p2b: Calyrex|53/100\n|\n|upkeep\n|turn|2\n|inactive|DarthMorton has 30 seconds left.\n|\n|t:|1746119912\n|move|p1a: Zamazenta|Protect|p1a: Zamazenta\n|-singleturn|p1a: Zamazenta|Protect\n|move|p2a: Tornadus|Tailwind|p2a: Tornadus\n|-sidestart|p2: DarthMorton|move: Tailwind\n|move|p2b: Calyrex|Encore|p1b: Incineroar\n|-start|p1b: Incineroar|Encore\n|move|p1b: Incineroar|Fake Out||[still]\n|-hint|Fake Out only works on your first turn out.\n|-fail|p1b: Incineroar\n|\n|upkeep\n|turn|3\n|\n|t:|1746119929\n|switch|p1a: Jumpluff|Jumpluff, L50, F|100/100\n|switch|p1b: Koraidon|Koraidon, L50|100/100\n|-weather|SunnyDay|[from] ability: Orichalcum Pulse|[of] p1b: Koraidon\n|-activate|p1b: Koraidon|Orichalcum Pulse|[source]\n|move|p2b: Calyrex|Psychic|p1a: Jumpluff\n|-damage|p1a: Jumpluff|46/100\n|move|p2a: Tornadus|Bleakwind Storm|p1a: Jumpluff|[spread] p1a,p1b\n|-supereffective|p1a: Jumpluff\n|-supereffective|p1b: Koraidon\n|-damage|p1a: Jumpluff|0 fnt\n|-damage|p1b: Koraidon|38/100\n|faint|p1a: Jumpluff\n|\n|-weather|SunnyDay|[upkeep]\n|upkeep\n|\n|t:|1746119934\n|switch|p1a: Incineroar|Incineroar, L50, M|84/100\n|-ability|p1a: Incineroar|Intimidate|boost\n|-unboost|p2a: Tornadus|atk|1\n|-unboost|p2b: Calyrex|atk|1\n|turn|4\n|-message|PandasonPanda forfeited.\n|raw|PandasonPanda's rating: 1192 &rarr; <strong>1179</strong><br />(-13 for losing)\n|raw|DarthMorton's rating: 1365 &rarr; <strong>1376</strong><br />(+11 for winning)\n|\n|win|DarthMorton\n|l|\u2606DarthMorton\n|player|p2|\n", "uploadtime": 1746120296, "views": 5, "formatid": "gen9vgc2025regibo3", "rating": 1179, "private": 0, "password": null}