{"id": "gen9vgc2025regibo3-2353541599", "format": "[Gen 9] VGC 2025 Reg I (Bo3)", "players": ["The Final Don", "paroparo"], "log": "|j|\u2606The Final Don\n|j|\u2606paroparo\n|html|<table width=\"100%\"><tr><td align=\"left\">The Final Don</td><td align=\"right\">paroparo</tr><tr><td align=\"left\"><i class=\"fa fa-circle-o\"></i> <i class=\"fa fa-circle-o\"></i> </td><td align=\"right\"><i class=\"fa fa-circle-o\"></i> <i class=\"fa fa-circle-o\"></i> </tr></table>\n|uhtml|bestof|<h2><strong>Game 1</strong> of <a href=\"/game-bestof3-gen9vgc2025regibo3-2353541598\">a best-of-3</a></h2>\n|t:|1745966256\n|gametype|doubles\n|player|p1|The Final Don|miku-fairy|1264\n|player|p2|paroparo|hilda|1195\n|teamsize|p1|6\n|teamsize|p2|6\n|gen|9\n|tier|[Gen 9] VGC 2025 Reg I (Bo3)\n|rated|\n|rule|Species Clause: Limit one of each Pok\u00e9mon\n|rule|Item Clause: Limit 1 of each item\n|clearpoke\n|poke|p1|Groudon, L50|\n|poke|p1|Zacian-*, L50|\n|poke|p1|Chien-Pao, L50|\n|poke|p1|Entei, L50|\n|poke|p1|Raging Bolt, L50|\n|poke|p1|Walking Wake, L50|\n|poke|p2|Lunala, L50|\n|poke|p2|Landorus, L50, M|\n|poke|p2|Indeedee-F, L50, F|\n|poke|p2|Kyogre, L50|\n|poke|p2|Urshifu-*, L50, M|\n|poke|p2|Roaring Moon, L50|\n|teampreview|4\n|showteam|p1|Groudon||ClearAmulet|Drought|PrecipiceBlades,HighHorsepower,HeatCrash,Protect||||||50|,,,,,Fire]Zacian-Crowned||RustedSword|IntrepidSword|behemothblade,PlayRough,SacredSword,Protect||||||50|,,,,,Fairy]Chien-Pao||FocusSash|SwordofRuin|SuckerPunch,ThroatChop,IceSpinner,Protect||||||50|,,,,,Ghost]Entei||ChoiceBand|InnerFocus|ExtremeSpeed,SacredFire,FlareBlitz,StoneEdge||||||50|,,,,,Normal]Raging Bolt||AssaultVest|Protosynthesis|Thunderclap,Thunderbolt,DracoMeteor,Electroweb||||||50|,,,,,Bug]Walking Wake||LifeOrb|Protosynthesis|HydroSteam,DragonPulse,Snarl,Protect||||||50|,,,,,Ghost\n|showteam|p2|Lunala||Leftovers|ShadowShield|Moonblast,ExpandingForce,MoongeistBeam,Protect||||||50|,,,,,Fire]Landorus||LifeOrb|SheerForce|EarthPower,SludgeBomb,SandsearStorm,Protect|||M|||50|,,,,,Poison]Indeedee-F||RockyHelmet|PsychicSurge|AlluringVoice,TrickRoom,FollowMe,HelpingHand|||F|||50|,,,,,Fairy]Kyogre||AssaultVest|Drizzle|WaterSpout,Thunder,IceBeam,OriginPulse||||||50|,,,,,Grass]Urshifu-Rapid-Strike||SafetyGoggles|UnseenFist|SurgingStrikes,CloseCombat,Taunt,Protect|||M|||50|,,,,,Water]Roaring Moon||BoosterEnergy|Protosynthesis|Acrobatics,KnockOff,Tailwind,Protect||||||50|,,,,,Flying\n|inactive|Battle timer is ON: inactive players will automatically lose when time's up. (requested by The Final Don)\n|inactive|The Final Don has 60 seconds left.\n|inactive|paroparo has 60 seconds left.\n|inactive|The Final Don has 30 seconds left.\n|inactive|paroparo has 30 seconds left.\n|\n|t:|1745966326\n|start\n|switch|p1a: Chien-Pao|Chien-Pao, L50|100/100\n|switch|p1b: Entei|Entei, L50|100/100\n|switch|p2a: Roaring Moon|Roaring Moon, L50|100/100\n|switch|p2b: Landorus|Landorus, L50, M|100/100\n|-ability|p1a: Chien-Pao|Sword of Ruin\n|-enditem|p2a: Roaring Moon|Booster Energy\n|-activate|p2a: Roaring Moon|ability: Protosynthesis|[fromitem]\n|-start|p2a: Roaring Moon|protosynthesisspe\n|turn|1\n|\n|t:|1745966347\n|-terastallize|p1b: Entei|Normal\n|move|p1b: Entei|Extreme Speed|p2b: Landorus\n|-damage|p2b: Landorus|8/100\n|move|p2a: Roaring Moon|Tailwind|p2a: Roaring Moon\n|-sidestart|p2: paroparo|move: Tailwind\n|move|p2b: Landorus|Sandsear Storm|p1a: Chien-Pao|[spread] p1a,p1b\n|-enditem|p1a: Chien-Pao|Focus Sash\n|-damage|p1a: Chien-Pao|1/100\n|-damage|p1b: Entei|37/100\n|move|p1a: Chien-Pao|Ice Spinner|p2a: Roaring Moon\n|-supereffective|p2a: Roaring Moon\n|-damage|p2a: Roaring Moon|0 fnt\n|faint|p2a: Roaring Moon\n|-end|p2a: Roaring Moon|Protosynthesis|[silent]\n|\n|upkeep\n|\n|t:|1745966364\n|switch|p2a: Lunala|Lunala, L50|100/100\n|turn|2\n|inactive|paroparo has 30 seconds left.\n|inactive|The Final Don has 30 seconds left.\n|inactive|paroparo has 20 seconds left.\n|inactive|paroparo has 15 seconds left.\n|inactive|The Final Don has 20 seconds left.\n|inactive|paroparo has 10 seconds left.\n|inactive|paroparo has 5 seconds left.\n|\n|t:|1745966418\n|-terastallize|p2a: Lunala|Fire\n|move|p2b: Landorus|Protect|p2b: Landorus\n|-singleturn|p2b: Landorus|Protect\n|move|p1b: Entei|Extreme Speed|p2a: Lunala\n|-damage|p2a: Lunala|71/100\n|move|p1a: Chien-Pao|Sucker Punch|p2a: Lunala\n|-damage|p2a: Lunala|30/100\n|move|p2a: Lunala|Expanding Force|p1b: Entei\n|-damage|p1b: Entei|0 fnt\n|faint|p1b: Entei\n|\n|-heal|p2a: Lunala|36/100|[from] item: Leftovers\n|upkeep\n|\n|t:|1745966426\n|switch|p1b: Raging Bolt|Raging Bolt, L50|100/100\n|turn|3\n|\n|t:|1745966441\n|move|p2a: Lunala|Protect|p2a: Lunala\n|-singleturn|p2a: Lunala|Protect\n|move|p1a: Chien-Pao|Sucker Punch|p2b: Landorus\n|-damage|p2b: Landorus|0 fnt\n|faint|p2b: Landorus\n|move|p1b: Raging Bolt|Thunderclap||[still]\n|-fail|p1b: Raging Bolt\n|\n|-heal|p2a: Lunala|42/100|[from] item: Leftovers\n|upkeep\n|\n|t:|1745966445\n|switch|p2b: Kyogre|Kyogre, L50|100/100\n|-weather|RainDance|[from] ability: Drizzle|[of] p2b: Kyogre\n|turn|4\n|\n|t:|1745966456\n|move|p1a: Chien-Pao|Sucker Punch|p2a: Lunala\n|-damage|p2a: Lunala|0 fnt\n|faint|p2a: Lunala\n|move|p1b: Raging Bolt|Thunderclap|p2b: Kyogre\n|-supereffective|p2b: Kyogre\n|-damage|p2b: Kyogre|64/100\n|move|p2b: Kyogre|Origin Pulse|p1b: Raging Bolt|[spread] p1a,p1b\n|-resisted|p1b: Raging Bolt\n|-damage|p1a: Chien-Pao|0 fnt\n|-damage|p1b: Raging Bolt|81/100\n|faint|p1a: Chien-Pao\n|\n|-weather|RainDance|[upkeep]\n|-sideend|p2: paroparo|move: Tailwind\n|upkeep\n|\n|t:|1745966460\n|switch|p1a: Zacian|Zacian-Crowned, L50|100/100\n|-ability|p1a: Zacian|Intrepid Sword|boost\n|-boost|p1a: Zacian|atk|1\n|turn|5\n|\n|t:|1745966468\n|move|p1a: Zacian|Play Rough|p2b: Kyogre\n|-damage|p2b: Kyogre|0 fnt\n|faint|p2b: Kyogre\n|\n|win|The Final Don\n||paroparo is ready for game 2.\n||The Final Don is ready for game 2.\n|uhtml|next|Next: <a href=\"/battle-gen9vgc2025regibo3-2353543502\"><strong>Game 2 of 3</strong></a>\n", "uploadtime": 1745966668, "views": 15, "formatid": "gen9vgc2025regibo3", "rating": null, "private": 0, "password": null}