{"id": "gen9vgc2025regibo3-2354941213", "format": "[Gen 9] VGC 2025 Reg I (Bo3)", "players": ["Doughboy322", "fab concha vgc"], "log": "|j|\u2606Doughboy322\n|j|\u2606fab concha vgc\n|html|<table width=\"100%\"><tr><td align=\"left\">Doughboy322</td><td align=\"right\">fab concha vgc</tr><tr><td align=\"left\"><i class=\"fa fa-circle-o\"></i> <i class=\"fa fa-circle-o\"></i> </td><td align=\"right\"><i class=\"fa fa-circle-o\"></i> <i class=\"fa fa-circle\"></i> </tr></table>\n|uhtml|bestof|<h2><strong>Game 2</strong> of <a href=\"/game-bestof3-gen9vgc2025regibo3-2354939735\">a best-of-3</a></h2>\n|t:|1746133958\n|gametype|doubles\n|player|p1|Doughboy322|cynthia|1319\n|player|p2|fab concha vgc|101|1495\n|teamsize|p1|6\n|teamsize|p2|6\n|gen|9\n|tier|[Gen 9] VGC 2025 Reg I (Bo3)\n|rated|\n|rule|Species Clause: Limit one of each Pok\u00e9mon\n|rule|Item Clause: Limit 1 of each item\n|clearpoke\n|poke|p1|Miraidon, L50|\n|poke|p1|Calyrex-Ice, L50|\n|poke|p1|Iron Hands, L50|\n|poke|p1|Ogerpon-Cornerstone, L50, F|\n|poke|p1|Farigiraf, L50, F|\n|poke|p1|Iron Valiant, L50|\n|poke|p2|Miraidon, L50|\n|poke|p2|Entei, L50|\n|poke|p2|Zamazenta-*, L50|\n|poke|p2|Chien-Pao, L50|\n|poke|p2|Iron Hands, L50|\n|poke|p2|Farigiraf, L50, F|\n|teampreview|4\n|showteam|p1|Miraidon||ChoiceSpecs|HadronEngine|ElectroDrift,DazzlingGleam,VoltSwitch,DracoMeteor||||||50|,,,,,Fairy]Calyrex-Ice||ClearAmulet|AsOneGlastrier|GlacialLance,HighHorsepower,TrickRoom,Protect||||||50|,,,,,Fire]Iron Hands||AssaultVest|QuarkDrive|DrainPunch,LowKick,FakeOut,WildCharge||||||50|,,,,,Bug]Ogerpon-Cornerstone||CornerstoneMask|Sturdy|IvyCudgel,PowerWhip,FollowMe,SpikyShield|||F|||50|,,,,,Rock]Farigiraf||ElectricSeed|ArmorTail|FoulPlay,Psychic,TrickRoom,HelpingHand|||F|||50|,,,,,Fairy]Iron Valiant||FocusSash|QuarkDrive|Moonblast,Protect,WideGuard,IcyWind||||||50|,,,,,Ghost\n|showteam|p2|Miraidon||ChoiceSpecs|HadronEngine|ElectroDrift,DracoMeteor,VoltSwitch,DazzlingGleam||||||50|,,,,,Fairy]Entei||ChoiceBand|InnerFocus|SacredFire,ExtremeSpeed,StompingTantrum,Crunch||||||50|,,,,,Normal]Zamazenta-Crowned||RustedShield|DauntlessShield|WideGuard,BodyPress,HeavySlam,Protect||||||50|,,,,,Water]Chien-Pao||FocusSash|SwordofRuin|Protect,IcicleCrash,ThroatChop,SuckerPunch||||||50|,,,,,Ghost]Iron Hands||AssaultVest|QuarkDrive|FakeOut,DrainPunch,WildCharge,LowKick||||||50|,,,,,Bug]Farigiraf||ElectricSeed|ArmorTail|TrickRoom,FoulPlay,HelpingHand,Roar|||F|||50|,,,,,Water\n|inactive|Battle timer is ON: inactive players will automatically lose when time's up. (requested by fab concha vgc)\n|\n|t:|1746133977\n|start\n|switch|p1a: Miraidon|Miraidon, L50|100/100\n|switch|p1b: Farigiraf|Farigiraf, L50, F, shiny|100/100\n|switch|p2a: Miraidon|Miraidon, L50|100/100\n|switch|p2b: Farigiraf|Farigiraf, L50, F|100/100\n|-fieldstart|move: Electric Terrain|[from] ability: Hadron Engine|[of] p1a: Miraidon\n|-enditem|p2b: Farigiraf|Electric Seed\n|-boost|p2b: Farigiraf|def|1|[from] item: Electric Seed\n|-enditem|p1b: Farigiraf|Electric Seed\n|-boost|p1b: Farigiraf|def|1|[from] item: Electric Seed\n|-activate|p2a: Miraidon|ability: Hadron Engine\n|turn|1\n|inactive|Doughboy322 has 30 seconds left.\n|j| dijondan\n|inactive|Doughboy322 has 20 seconds left.\n|l| dijondan\n|inactive|Doughboy322 has 15 seconds left.\n|\n|t:|1746134019\n|-terastallize|p1a: Miraidon|Fairy\n|move|p2b: Farigiraf|Helping Hand|p2a: Miraidon\n|-singleturn|p2a: Miraidon|Helping Hand|[of] p2b: Farigiraf\n|move|p1a: Miraidon|Electro Drift|p2b: Farigiraf\n|-damage|p2b: Farigiraf|0 fnt\n|faint|p2b: Farigiraf\n|move|p2a: Miraidon|Volt Switch|p1b: Farigiraf\n|-damage|p1b: Farigiraf|0 fnt\n|faint|p1b: Farigiraf\n|\n|t:|1746134031\n|switch|p2a: Iron Hands|Iron Hands, L50|100/100|[from] Volt Switch\n|-activate|p2a: Iron Hands|ability: Quark Drive\n|-start|p2a: Iron Hands|quarkdriveatk\n|\n|upkeep\n|\n|t:|1746134040\n|switch|p2b: Miraidon|Miraidon, L50|100/100\n|switch|p1b: Calyrex|Calyrex-Ice, L50|100/100\n|-ability|p1b: Calyrex|As One\n|-ability|p1b: Calyrex|Unnerve\n|-activate|p2b: Miraidon|ability: Hadron Engine\n|turn|2\n|\n|t:|1746134055\n|move|p2a: Iron Hands|Fake Out|p1b: Calyrex\n|-damage|p1b: Calyrex|88/100\n|move|p2b: Miraidon|Electro Drift|p1a: Miraidon\n|-damage|p1a: Miraidon|0 fnt\n|faint|p1a: Miraidon\n|cant|p1b: Calyrex|flinch\n|\n|upkeep\n|\n|t:|1746134063\n|switch|p1a: Iron Hands|Iron Hands, L50, shiny|100/100\n|-activate|p1a: Iron Hands|ability: Quark Drive\n|-start|p1a: Iron Hands|quarkdriveatk\n|turn|3\n|\n|t:|1746134071\n|switch|p2b: Zamazenta|Zamazenta-Crowned, L50, shiny|100/100\n|-ability|p2b: Zamazenta|Dauntless Shield|boost\n|-boost|p2b: Zamazenta|def|1\n|-terastallize|p2a: Iron Hands|Bug\n|move|p1a: Iron Hands|Fake Out|p2b: Zamazenta\n|-resisted|p2b: Zamazenta\n|-damage|p2b: Zamazenta|96/100\n|move|p2a: Iron Hands|Low Kick|p1b: Calyrex\n|-damage|p1b: Calyrex|35/100\n|move|p1b: Calyrex|Trick Room|p1b: Calyrex\n|-fieldstart|move: Trick Room|[of] p1b: Calyrex\n|\n|upkeep\n|turn|4\n|inactive|Doughboy322 has 30 seconds left.\n|\n|t:|1746134099\n|move|p1b: Calyrex|High Horsepower|p2b: Zamazenta\n|-supereffective|p2b: Zamazenta\n|-damage|p2b: Zamazenta|67/100\n|move|p2a: Iron Hands|Low Kick|p1b: Calyrex\n|-damage|p1b: Calyrex|0 fnt\n|faint|p1b: Calyrex\n|move|p1a: Iron Hands|Wild Charge|p2a: Iron Hands\n|-damage|p2a: Iron Hands|35/100\n|-damage|p1a: Iron Hands|84/100|[from] Recoil\n|move|p2b: Zamazenta|Body Press|p1a: Iron Hands\n|-damage|p1a: Iron Hands|28/100\n|\n|upkeep\n|turn|5\n|-message|Doughboy322 forfeited.\n|\n|win|fab concha vgc\n|raw|Doughboy322's rating: 1319 &rarr; <strong>1308</strong><br />(-11 for losing)\n|raw|fab concha vgc's rating: 1495 &rarr; <strong>1506</strong><br />(+11 for winning)\n|l|\u2606Doughboy322\n|player|p1|\n|c|\u2606fab concha vgc|Ez\n", "uploadtime": 1746134124, "views": 15, "formatid": "gen9vgc2025regibo3", "rating": 1308, "private": 0, "password": null}