{"id": "gen9vgc2025regibo3-2354251675", "format": "[Gen 9] VGC 2025 Reg I (Bo3)", "players": ["Rillabossman", "Geracles91"], "log": "|j|\u2606Rillabossman\n|j|\u2606Geracles91\n|html|<table width=\"100%\"><tr><td align=\"left\">Rillabossman</td><td align=\"right\">Geracles91</tr><tr><td align=\"left\"><i class=\"fa fa-circle-o\"></i> <i class=\"fa fa-circle-o\"></i> </td><td align=\"right\"><i class=\"fa fa-circle-o\"></i> <i class=\"fa fa-circle\"></i> </tr></table>\n|uhtml|bestof|<h2><strong>Game 2</strong> of <a href=\"/game-bestof3-gen9vgc2025regibo3-2354247409\">a best-of-3</a></h2>\n|t:|1746049220\n|gametype|doubles\n|player|p1|Rillabossman|burglar|1141\n|player|p2|Geracles91|169|1152\n|teamsize|p1|6\n|teamsize|p2|6\n|gen|9\n|tier|[Gen 9] VGC 2025 Reg I (Bo3)\n|rated|\n|rule|Species Clause: Limit one of each Pok\u00e9mon\n|rule|Item Clause: Limit 1 of each item\n|clearpoke\n|poke|p1|Lunala, L50|\n|poke|p1|Zamazenta-*, L50|\n|poke|p1|Flutter Mane, L50|\n|poke|p1|Pelipper, L50, M|\n|poke|p1|Chien-Pao, L50|\n|poke|p1|Rillaboom, L50, F|\n|poke|p2|Lunala, L50|\n|poke|p2|Kyogre, L50|\n|poke|p2|Indeedee-F, L50, F|\n|poke|p2|Sylveon, L50, M|\n|poke|p2|Tornadus, L50, M|\n|poke|p2|Urshifu-*, L50, F|\n|teampreview|4\n|showteam|p1|Lunala||PowerHerb|ShadowShield|MeteorBeam,MoongeistBeam,Protect,TrickRoom||||||50|,,,,,Water]Zamazenta-Crowned||RustedShield|DauntlessShield|BodyPress,Protect,HeavySlam,WideGuard||||||50|,,,,,Grass]Flutter Mane||BoosterEnergy|Protosynthesis|IcyWind,Protect,Moonblast,Taunt||||||50|,,,,,Water]Pelipper||LifeOrb|Drizzle|WeatherBall,Hurricane,Protect,WideGuard|||M|||50|,,,,,Grass]Chien-Pao||FocusSash|SwordofRuin|SuckerPunch,ThroatChop,IcicleCrash,Protect||||||50|,,,,,Ghost]Rillaboom||AssaultVest|GrassySurge|FakeOut,Uturn,GrassyGlide,WoodHammer|||F|||50|,,,,,Grass\n|showteam|p2|Lunala||Leftovers|ShadowShield|MoongeistBeam,ExpandingForce,WideGuard,Protect||||||50|,,,,,Fairy]Kyogre||MysticWater|Drizzle|WaterSpout,OriginPulse,IceBeam,Protect||||||50|,,,,,Grass]Indeedee-F||PsychicSeed|PsychicSurge|FollowMe,HelpingHand,TrickRoom,ShadowBall|||F|||50|,,,,,Fairy]Sylveon||ThroatSpray|Pixilate|HyperVoice,TeraBlast,CalmMind,Protect|||M|||50|,,,,,Fire]Tornadus||CovertCloak|Prankster|BleakwindStorm,Taunt,Tailwind,Protect|||M|||50|,,,,,Ground]Urshifu||ChoiceScarf|UnseenFist|WickedBlow,CloseCombat,PoisonJab,Detect|||F|||50|,,,,,Grass\n|\n|t:|1746049254\n|start\n|switch|p1a: Chien-Pao|Chien-Pao, L50|100/100\n|switch|p1b: Zamazenta|Zamazenta-Crowned, L50|100/100\n|switch|p2a: Indeedee|Indeedee-F, L50, F|100/100\n|switch|p2b: Sylveon|Sylveon, L50, M|100/100\n|-ability|p1a: Chien-Pao|Sword of Ruin\n|-ability|p1b: Zamazenta|Dauntless Shield|boost\n|-boost|p1b: Zamazenta|def|1\n|-fieldstart|move: Psychic Terrain|[from] ability: Psychic Surge|[of] p2a: Indeedee\n|-enditem|p2a: Indeedee|Psychic Seed\n|-boost|p2a: Indeedee|spd|1|[from] item: Psychic Seed\n|turn|1\n|\n|t:|1746049319\n|-terastallize|p2a: Indeedee|Fairy\n|move|p2b: Sylveon|Protect|p2b: Sylveon\n|-singleturn|p2b: Sylveon|Protect\n|move|p1a: Chien-Pao|Throat Chop|p2a: Indeedee\n|-resisted|p2a: Indeedee\n|-damage|p2a: Indeedee|71/100\n|-start|p2a: Indeedee|Throat Chop|[silent]\n|move|p1b: Zamazenta|Heavy Slam|p2a: Indeedee\n|-supereffective|p2a: Indeedee\n|-damage|p2a: Indeedee|0 fnt\n|faint|p2a: Indeedee\n|\n|upkeep\n|\n|t:|1746049332\n|switch|p2a: Urshifu|Urshifu, L50, F|100/100\n|turn|2\n|\n|t:|1746049359\n|move|p2a: Urshifu|Close Combat|p1b: Zamazenta\n|-supereffective|p1b: Zamazenta\n|-damage|p1b: Zamazenta|22/100\n|-unboost|p2a: Urshifu|def|1\n|-unboost|p2a: Urshifu|spd|1\n|move|p1a: Chien-Pao|Icicle Crash|p2b: Sylveon\n|-damage|p2b: Sylveon|18/100\n|move|p1b: Zamazenta|Body Press|p2a: Urshifu\n|-supereffective|p2a: Urshifu\n|-damage|p2a: Urshifu|0 fnt\n|faint|p2a: Urshifu\n|cant|p2b: Sylveon|flinch\n|\n|upkeep\n|\n|t:|1746049377\n|switch|p2a: Kyogre|Kyogre, L50|100/100\n|-weather|RainDance|[from] ability: Drizzle|[of] p2a: Kyogre\n|turn|3\n|\n|t:|1746049392\n|move|p2b: Sylveon|Protect|p2b: Sylveon\n|-singleturn|p2b: Sylveon|Protect\n|move|p1b: Zamazenta|Wide Guard|p1b: Zamazenta\n|-singleturn|p1b: Zamazenta|Wide Guard\n|move|p1a: Chien-Pao|Throat Chop|p2b: Sylveon\n|-activate|p2b: Sylveon|move: Protect\n|move|p2a: Kyogre|Ice Beam|p1b: Zamazenta\n|-resisted|p1b: Zamazenta\n|-damage|p1b: Zamazenta|10/100\n|\n|-weather|RainDance|[upkeep]\n|upkeep\n|turn|4\n|\n|t:|1746049427\n|move|p1b: Zamazenta|Wide Guard|p1b: Zamazenta\n|-singleturn|p1b: Zamazenta|Wide Guard\n|move|p1a: Chien-Pao|Throat Chop|p2b: Sylveon\n|-resisted|p2b: Sylveon\n|-damage|p2b: Sylveon|0 fnt\n|faint|p2b: Sylveon\n|move|p2a: Kyogre|Origin Pulse|p1a: Chien-Pao|[spread] \n|-activate|p1a: Chien-Pao|move: Wide Guard\n|-activate|p1b: Zamazenta|move: Wide Guard\n|\n|-weather|RainDance|[upkeep]\n|upkeep\n|turn|5\n|-message|Geracles91 forfeited.\n|\n|win|Rillabossman\n|l|\u2606Geracles91\n|player|p2|\n||Rillabossman is ready for game 3.\n||Geracles91 is ready for game 3.\n|uhtml|next|Next: <a href=\"/battle-gen9vgc2025regibo3-2354253784\"><strong>Game 3 of 3</strong></a>\n", "uploadtime": 1746049776, "views": 6, "formatid": "gen9vgc2025regibo3", "rating": null, "private": 0, "password": null}