{"id": "gen9vgc2025regibo3-2353356131", "format": "[Gen 9] VGC 2025 Reg I (Bo3)", "players": ["tryson69", "GAZZLB"], "log": "|j|\u2606tryson69\n|j|\u2606GAZZLB\n|html|<table width=\"100%\"><tr><td align=\"left\">tryson69</td><td align=\"right\">GAZZLB</tr><tr><td align=\"left\"><i class=\"fa fa-circle-o\"></i> <i class=\"fa fa-circle-o\"></i> </td><td align=\"right\"><i class=\"fa fa-circle-o\"></i> <i class=\"fa fa-circle-o\"></i> </tr></table>\n|uhtml|bestof|<h2><strong>Game 1</strong> of <a href=\"/game-bestof3-gen9vgc2025regibo3-2353356130\">a best-of-3</a></h2>\n|t:|1745948993\n|gametype|doubles\n|player|p1|tryson69|1|1120\n|player|p2|GAZZLB|169|1030\n|teamsize|p1|6\n|teamsize|p2|6\n|gen|9\n|tier|[Gen 9] VGC 2025 Reg I (Bo3)\n|rated|\n|rule|Species Clause: Limit one of each Pok\u00e9mon\n|rule|Item Clause: Limit 1 of each item\n|clearpoke\n|poke|p1|Lunala, L50|\n|poke|p1|Koraidon, L50|\n|poke|p1|Grimmsnarl, L50, M|\n|poke|p1|Sneasler, L50, M|\n|poke|p1|Flutter Mane, L50|\n|poke|p1|Ogerpon-Wellspring, L50, F|\n|poke|p2|Groudon, L50|\n|poke|p2|Miraidon, L50|\n|poke|p2|Flutter Mane, L50|\n|poke|p2|Chi-Yu, L50|\n|poke|p2|Ogerpon-Cornerstone, L50, F|\n|poke|p2|Araquanid, L50, F|\n|teampreview|4\n|showteam|p1|Lunala||PowerHerb|ShadowShield|MoongeistBeam,MeteorBeam,WideGuard,DazzlingGleam||||||50|,,,,,Fairy]Koraidon||ClearAmulet|OrichalcumPulse|CollisionCourse,FlareBlitz,FlameCharge,Protect||||||50|,,,,,Fire]Grimmsnarl||LightClay|Prankster|LightScreen,Reflect,SpiritBreak,ThunderWave|||M|||50|,,,,,Ghost]Sneasler||FocusSash|Unburden|CloseCombat,FakeOut,DireClaw,Protect|||M|||50|,,,,,Fighting]Flutter Mane||EjectButton|Protosynthesis|Moonblast,ShadowBall,IcyWind,Protect||||||50|,,,,,Fairy]Ogerpon-Wellspring||WellspringMask|WaterAbsorb|IvyCudgel,HornLeech,FollowMe,SpikyShield|||F|||50|,,,,,Water\n|showteam|p2|Groudon||AssaultVest|Drought|PrecipiceBlades,StompingTantrum,HeatCrash,HeavySlam||||||50|,,,,,Fire]Miraidon||LifeOrb|HadronEngine|ElectroDrift,DracoMeteor,Discharge,Protect||||||50|,,,,,Electric]Flutter Mane||FocusSash|Protosynthesis|Moonblast,ShadowBall,IcyWind,Protect||||||50|,,,,,Water]Chi-Yu||ChoiceScarf|BeadsofRuin|DarkPulse,HeatWave,Snarl,Psychic||||||50|,,,,,Ghost]Ogerpon-Cornerstone||CornerstoneMask|Sturdy|FollowMe,IvyCudgel,WoodHammer,SpikyShield|||F|||50|,,,,,Rock]Araquanid||SafetyGoggles|WaterBubble|Liquidation,LeechLife,WideGuard,Crunch|||F|||50|,,,,,Water\n|\n|t:|1745949035\n|start\n|switch|p1a: Koraidon|Koraidon, L50|100/100\n|switch|p1b: Sneasler|Sneasler, L50, M|100/100\n|switch|p2a: Flutter Mane|Flutter Mane, L50|100/100\n|switch|p2b: Chi-Yu|Chi-Yu, L50|100/100\n|-ability|p2b: Chi-Yu|Beads of Ruin\n|-weather|SunnyDay|[from] ability: Orichalcum Pulse|[of] p1a: Koraidon\n|-activate|p2a: Flutter Mane|ability: Protosynthesis\n|-start|p2a: Flutter Mane|protosynthesisspe\n|-activate|p1a: Koraidon|Orichalcum Pulse|[source]\n|turn|1\n|\n|t:|1745949063\n|-terastallize|p2b: Chi-Yu|Ghost\n|-terastallize|p1a: Koraidon|Fire\n|move|p1b: Sneasler|Fake Out|p2b: Chi-Yu\n|-immune|p2b: Chi-Yu\n|move|p2a: Flutter Mane|Icy Wind|p1b: Sneasler|[spread] p1a,p1b\n|-resisted|p1a: Koraidon\n|-damage|p1a: Koraidon|92/100\n|-damage|p1b: Sneasler|71/100\n|-unboost|p1b: Sneasler|spe|1\n|move|p2b: Chi-Yu|Psychic|p1b: Sneasler\n|-supereffective|p1b: Sneasler\n|-damage|p1b: Sneasler|0 fnt\n|faint|p1b: Sneasler\n|move|p1a: Koraidon|Flame Charge|p2a: Flutter Mane\n|-enditem|p2a: Flutter Mane|Focus Sash\n|-damage|p2a: Flutter Mane|1/100\n|-boost|p1a: Koraidon|spe|1\n|\n|-weather|SunnyDay|[upkeep]\n|upkeep\n|\n|t:|1745949077\n|switch|p1b: Flutter Mane|Flutter Mane, L50|100/100\n|-activate|p1b: Flutter Mane|ability: Protosynthesis\n|-start|p1b: Flutter Mane|protosynthesisspe\n|turn|2\n|\n|t:|1745949103\n|move|p1b: Flutter Mane|Icy Wind|p2b: Chi-Yu|[spread] p2a\n|-miss|p1b: Flutter Mane|p2b: Chi-Yu\n|-damage|p2a: Flutter Mane|0 fnt\n|faint|p2a: Flutter Mane\n|-end|p2a: Flutter Mane|Protosynthesis|[silent]\n|move|p1a: Koraidon|Flare Blitz|p2b: Chi-Yu\n|-damage|p2b: Chi-Yu|0 fnt\n|faint|p2b: Chi-Yu\n|-damage|p1a: Koraidon|71/100|[from] Recoil\n|\n|-weather|SunnyDay|[upkeep]\n|upkeep\n|\n|t:|1745949110\n|switch|p2a: Ogerpon|Ogerpon-Cornerstone, L50, F|100/100\n|switch|p2b: Miraidon|Miraidon, L50|100/100\n|-fieldstart|move: Electric Terrain|[from] ability: Hadron Engine|[of] p2b: Miraidon\n|turn|3\n|\n|t:|1745949154\n|move|p1b: Flutter Mane|Icy Wind|p2a: Ogerpon|[spread] p2a,p2b\n|-supereffective|p2a: Ogerpon\n|-supereffective|p2b: Miraidon\n|-damage|p2a: Ogerpon|64/100\n|-damage|p2b: Miraidon|75/100\n|-unboost|p2a: Ogerpon|spe|1\n|-unboost|p2b: Miraidon|spe|1\n|move|p1a: Koraidon|Collision Course|p2a: Ogerpon\n|-supereffective|p2a: Ogerpon\n|-damage|p2a: Ogerpon|0 fnt\n|faint|p2a: Ogerpon\n|move|p2b: Miraidon|Electro Drift|p1a: Koraidon\n|-damage|p1a: Koraidon|0 fnt\n|faint|p1a: Koraidon\n|-damage|p2b: Miraidon|65/100|[from] item: Life Orb\n|\n|-weather|SunnyDay|[upkeep]\n|upkeep\n|-message|GAZZLB forfeited.\n|\n|win|tryson69\n|l|\u2606GAZZLB\n|player|p2|\n||GAZZLB is ready for game 2.\n||tryson69 is ready for game 2.\n|uhtml|next|Next: <a href=\"/battle-gen9vgc2025regibo3-2353358372\"><strong>Game 2 of 3</strong></a>\n", "uploadtime": 1745949171, "views": 15, "formatid": "gen9vgc2025regibo3", "rating": null, "private": 0, "password": null}