{"id": "gen9vgc2025regibo3-2354317201", "format": "[Gen 9] VGC 2025 Reg I (Bo3)", "players": ["mavvyvgc", "Gopackgo25"], "log": "|j|\u2606mavvyvgc\n|j|\u2606Gopackgo25\n|html|<table width=\"100%\"><tr><td align=\"left\">mavvyvgc</td><td align=\"right\">Gopackgo25</tr><tr><td align=\"left\"><i class=\"fa fa-circle-o\"></i> <i class=\"fa fa-circle-o\"></i> </td><td align=\"right\"><i class=\"fa fa-circle-o\"></i> <i class=\"fa fa-circle\"></i> </tr></table>\n|uhtml|bestof|<h2><strong>Game 2</strong> of <a href=\"/game-bestof3-gen9vgc2025regibo3-2354314378\">a best-of-3</a></h2>\n|t:|1746056605\n|gametype|doubles\n|player|p1|mavvyvgc|riley|1098\n|player|p2|Gopackgo25|170|1055\n|teamsize|p1|6\n|teamsize|p2|6\n|gen|9\n|tier|[Gen 9] VGC 2025 Reg I (Bo3)\n|rated|\n|rule|Species Clause: Limit one of each Pok\u00e9mon\n|rule|Item Clause: Limit 1 of each item\n|clearpoke\n|poke|p1|Calyrex-Shadow, L50|\n|poke|p1|Kyurem-White, L50|\n|poke|p1|Slowking, L50, M|\n|poke|p1|Tornadus, L50, M|\n|poke|p1|Rillaboom, L50, F|\n|poke|p1|Incineroar, L50, F|\n|poke|p2|Zamazenta-*, L50|\n|poke|p2|Calyrex-Shadow, L50|\n|poke|p2|Murkrow, L50, M|\n|poke|p2|Rillaboom, L50, M|\n|poke|p2|Flutter Mane, L50|\n|poke|p2|Urshifu-*, L50, F|\n|teampreview|4\n|showteam|p1|Calyrex-Shadow||FocusSash|AsOneSpectrier|DarkPulse,AstralBarrage,NastyPlot,Protect||||||50|,,,,,Dark]Kyurem-White||ChoiceSpecs|Turboblaze|EarthPower,Blizzard,DragonPulse,FusionFlare||||||50|,,,,,Ground]Slowking||RockyHelmet|Oblivious|Psychic,TrickRoom,ChillyReception,HydroPump|||M|||50|,,,,,Water]Tornadus||CovertCloak|Prankster|Tailwind,BleakwindStorm,Protect,Snowscape|||M|||50|,,,,,Dark]Rillaboom||GrassySeed|GrassySurge|DrumBeating,Uturn,GrassyGlide,FakeOut|||F|||50|,,,,,Grass]Incineroar||AssaultVest|Intimidate|FakeOut,KnockOff,FlareBlitz,Uturn|||F|||50|,,,,,Fire\n|showteam|p2|Zamazenta-Crowned||RustedShield|DauntlessShield|Protect,IronDefense,Snarl,BodyPress||||||50|,,,,,Fire]Calyrex-Shadow||FocusSash|AsOneSpectrier|Protect,PollenPuff,Psychic,AstralBarrage||||||50|,,,,,Normal]Murkrow||LifeOrb|Prankster|Tailwind,Taunt,SuckerPunch,BraveBird|||M|||50|,,,,,Ghost]Rillaboom||AssaultVest|GrassySurge|FakeOut,Uturn,TeraBlast,GrassyGlide|||M|||50|,,,,,Rock]Flutter Mane||BoosterEnergy|Protosynthesis|Protect,Taunt,IcyWind,Moonblast||||||50|,,,,,Fairy]Urshifu-Rapid-Strike||MysticWater|UnseenFist|Detect,SurgingStrikes,CloseCombat,AquaJet|||F|||50|,,,,,Grass\n|\n|t:|1746056656\n|start\n|switch|p1a: Slowking|Slowking, L50, M|100/100\n|switch|p1b: Incineroar|Incineroar, L50, F|100/100\n|switch|p2a: Calyrex|Calyrex-Shadow, L50|100/100\n|switch|p2b: Flutter Mane|Flutter Mane, L50|100/100\n|-ability|p2a: Calyrex|As One\n|-ability|p2a: Calyrex|Unnerve\n|-ability|p1b: Incineroar|Intimidate|boost\n|-unboost|p2a: Calyrex|atk|1\n|-unboost|p2b: Flutter Mane|atk|1\n|-enditem|p2b: Flutter Mane|Booster Energy\n|-activate|p2b: Flutter Mane|ability: Protosynthesis|[fromitem]\n|-start|p2b: Flutter Mane|protosynthesisspe\n|turn|1\n|\n|t:|1746056693\n|-terastallize|p2a: Calyrex|Normal\n|move|p2b: Flutter Mane|Moonblast|p1a: Slowking\n|-damage|p1a: Slowking|69/100\n|-unboost|p1a: Slowking|spa|1\n|move|p2a: Calyrex|Astral Barrage|p1b: Incineroar|[spread] p1a,p1b\n|-supereffective|p1a: Slowking\n|-resisted|p1b: Incineroar\n|-damage|p1a: Slowking|0 fnt\n|-damage|p1b: Incineroar|86/100\n|faint|p1a: Slowking\n|-ability|p2a: Calyrex|Grim Neigh|boost\n|-boost|p2a: Calyrex|spa|1\n|move|p1b: Incineroar|Knock Off|p2a: Calyrex\n|-damage|p2a: Calyrex|51/100\n|-enditem|p2a: Calyrex|Focus Sash|[from] move: Knock Off|[of] p1b: Incineroar\n|\n|upkeep\n|\n|t:|1746056711\n|switch|p1a: Rillaboom|Rillaboom, L50, F|100/100\n|-fieldstart|move: Grassy Terrain|[from] ability: Grassy Surge|[of] p1a: Rillaboom\n|-enditem|p1a: Rillaboom|Grassy Seed\n|-boost|p1a: Rillaboom|def|1|[from] item: Grassy Seed\n|turn|2\n|\n|t:|1746056737\n|move|p2a: Calyrex|Protect|p2a: Calyrex\n|-singleturn|p2a: Calyrex|Protect\n|move|p1a: Rillaboom|Fake Out|p2a: Calyrex\n|-activate|p2a: Calyrex|move: Protect\n|move|p2b: Flutter Mane|Moonblast|p1a: Rillaboom\n|-damage|p1a: Rillaboom|48/100\n|move|p1b: Incineroar|Knock Off|p2a: Calyrex\n|-activate|p2a: Calyrex|move: Protect\n|\n|-heal|p2a: Calyrex|57/100|[from] Grassy Terrain\n|-heal|p1a: Rillaboom|54/100|[from] Grassy Terrain\n|-heal|p1b: Incineroar|92/100|[from] Grassy Terrain\n|upkeep\n|turn|3\n|\n|t:|1746056759\n|move|p1a: Rillaboom|Grassy Glide|p2b: Flutter Mane\n|-damage|p2b: Flutter Mane|37/100\n|move|p2b: Flutter Mane|Moonblast|p1a: Rillaboom\n|-damage|p1a: Rillaboom|0 fnt\n|faint|p1a: Rillaboom\n|move|p2a: Calyrex|Astral Barrage|p1b: Incineroar\n|-resisted|p1b: Incineroar\n|-damage|p1b: Incineroar|60/100\n|move|p1b: Incineroar|Knock Off|p2a: Calyrex\n|-damage|p2a: Calyrex|27/100\n|\n|-heal|p2b: Flutter Mane|42/100|[from] Grassy Terrain\n|-heal|p2a: Calyrex|32/100|[from] Grassy Terrain\n|-heal|p1b: Incineroar|66/100|[from] Grassy Terrain\n|upkeep\n|\n|t:|1746056775\n|switch|p1a: Kyurem|Kyurem-White, L50|100/100\n|-ability|p1a: Kyurem|Turboblaze\n|turn|4\n|\n|t:|1746056817\n|-terastallize|p1a: Kyurem|Ground\n|move|p2b: Flutter Mane|Moonblast|p1a: Kyurem\n|-damage|p1a: Kyurem|64/100\n|move|p2a: Calyrex|Astral Barrage|p1a: Kyurem|[spread] p1a,p1b\n|-resisted|p1b: Incineroar\n|-damage|p1a: Kyurem|3/100\n|-damage|p1b: Incineroar|42/100\n|move|p1a: Kyurem|Earth Power|p2b: Flutter Mane\n|-damage|p2b: Flutter Mane|0 fnt\n|faint|p2b: Flutter Mane\n|-end|p2b: Flutter Mane|Protosynthesis|[silent]\n|move|p1b: Incineroar|Knock Off|p2a: Calyrex\n|-damage|p2a: Calyrex|1/100\n|\n|-heal|p2a: Calyrex|7/100|[from] Grassy Terrain\n|-heal|p1a: Kyurem|9/100|[from] Grassy Terrain\n|-heal|p1b: Incineroar|48/100|[from] Grassy Terrain\n|upkeep\n|\n|t:|1746056833\n|switch|p2b: Urshifu|Urshifu-Rapid-Strike, L50, F|100/100\n|turn|5\n|c|\u2606mavvyvgc|gg\n|c|\u2606Gopackgo25|ggs\n|\n|t:|1746056848\n|move|p2a: Calyrex|Astral Barrage|p1a: Kyurem|[spread] p1a,p1b\n|-resisted|p1b: Incineroar\n|-crit|p1b: Incineroar\n|-damage|p1a: Kyurem|0 fnt\n|-damage|p1b: Incineroar|8/100\n|faint|p1a: Kyurem\n|-ability|p2a: Calyrex|Grim Neigh|boost\n|-boost|p2a: Calyrex|spa|1\n|move|p2b: Urshifu|Surging Strikes|p1b: Incineroar\n|-supereffective|p1b: Incineroar\n|-crit|p1b: Incineroar\n|-damage|p1b: Incineroar|0 fnt\n|faint|p1b: Incineroar\n|-hitcount|p1: Incineroar|1\n|\n|win|Gopackgo25\n|raw|mavvyvgc's rating: 1098 &rarr; <strong>1070</strong><br />(-28 for losing)\n|raw|Gopackgo25's rating: 1055 &rarr; <strong>1091</strong><br />(+36 for winning)\n|c|\u2606Gopackgo25|wp\n|c|\u2606Gopackgo25|cool team\n|c|\u2606mavvyvgc|thanks you too\n|c|\u2606Gopackgo25|Appreciate it man!\n|c|\u2606Gopackgo25|I learned oblivious can't be taunted\n|c|\u2606Gopackgo25|really cool tech\n|c|\u2606mavvyvgc|hahaha yep\n|c|\u2606mavvyvgc|got discord?\n|c|\u2606Gopackgo25|yeah\n|c|\u2606mavvyvgc|building up a little building team if you're interested in joining the discord server\n|c|\u2606mavvyvgc|just a few people throwing ideas around\n|c|\u2606Gopackgo25|all good I would love to join\n|c|\u2606mavvyvgc|skgmav is my discord boss\n|c|\u2606mavvyvgc|also mathew golden was a hell of a draft pick\n|c|\u2606Gopackgo25|yeah he was! I'm hoping he isn't a bust like Javon Walker\n|c|\u2606mavvyvgc|he's the real deal. i live in dallas so i watched him in college a bit. NOT a cowboys fan tho\n|c|\u2606Gopackgo25|you have a server link for me? Awesome!\n|c|\u2606Gopackgo25|Dallas is ok I think I prefer the Texans though\n|c|\u2606mavvyvgc|add me on there it's skgmav\n|c|\u2606mavvyvgc|grew up in missouri so im a chiefs fan, but i do like the texans\n", "uploadtime": 1746057345, "views": 14, "formatid": "gen9vgc2025regibo3", "rating": 1070, "private": 0, "password": null}