{"id": "gen9vgc2025regibo3-2354366767", "format": "[Gen 9] VGC 2025 Reg I (Bo3)", "players": ["Shiftyeyes", "dishonorable dozo"], "log": "|j|\u2606Shiftyeyes\n|j|\u2606dishonorable dozo\n|html|<table width=\"100%\"><tr><td align=\"left\">Shiftyeyes</td><td align=\"right\">dishonorable dozo</tr><tr><td align=\"left\"><i class=\"fa fa-circle\"></i> <i class=\"fa fa-circle-o\"></i> </td><td align=\"right\"><i class=\"fa fa-circle-o\"></i> <i class=\"fa fa-circle\"></i> </tr></table>\n|uhtml|bestof|<h2><strong>Game 3</strong> of <a href=\"/game-bestof3-gen9vgc2025regibo3-2354364666\">a best-of-3</a></h2>\n|t:|1746062589\n|gametype|doubles\n|player|p1|Shiftyeyes|265|1128\n|player|p2|dishonorable dozo|blue|1224\n|teamsize|p1|6\n|teamsize|p2|6\n|gen|9\n|tier|[Gen 9] VGC 2025 Reg I (Bo3)\n|rated|\n|rule|Species Clause: Limit one of each Pok\u00e9mon\n|rule|Item Clause: Limit 1 of each item\n|clearpoke\n|poke|p1|Zacian-*, L50|\n|poke|p1|Landorus, L50, M|\n|poke|p1|Miraidon, L50|\n|poke|p1|Farigiraf, L50, F|\n|poke|p1|Ogerpon-Cornerstone, L50, F|\n|poke|p1|Tornadus, L50, M|\n|poke|p2|Koraidon, L50|\n|poke|p2|Calyrex-Shadow, L50|\n|poke|p2|Chi-Yu, L50|\n|poke|p2|Weezing-Galar, L50, M|\n|poke|p2|Dondozo, L50, F|\n|poke|p2|Tatsugiri-Droopy, L50, F|\n|teampreview|4\n|showteam|p1|Zacian-Crowned||RustedSword|IntrepidSword|behemothblade,PlayRough,Protect,SacredSword||||||50|,,,,,Stellar]Landorus||LifeOrb|SheerForce|EarthPower,SandsearStorm,SludgeBomb,Protect|||M|||50|,,,,,Ground]Miraidon||Magnet|HadronEngine|ElectroDrift,DazzlingGleam,Protect,VoltSwitch||||||50|,,,,,Electric]Farigiraf||ElectricSeed|ArmorTail|HelpingHand,PsychicNoise,TrickRoom,Imprison|||F|||50|,,,,,Grass]Ogerpon-Cornerstone||CornerstoneMask|Sturdy|IvyCudgel,SpikyShield,PowerWhip,FollowMe|||F|||50|,,,,,Rock]Tornadus||CovertCloak|Prankster|Tailwind,IcyWind,BleakwindStorm,Taunt|||M|||50|,,,,,Dark\n|showteam|p2|Koraidon||AbilityShield|OrichalcumPulse|CollisionCourse,FlameCharge,FlareBlitz,Protect||||||50|,,,,,Fire]Calyrex-Shadow||FocusSash|AsOneSpectrier|AstralBarrage,Psychic,NastyPlot,Protect||||||50|,,,,,Ghost]Chi-Yu||ChoiceScarf|BeadsofRuin|DarkPulse,Snarl,HeatWave,Overheat||||||50|,,,,,Ghost]Weezing-Galar||CovertCloak|NeutralizingGas|ToxicSpikes,StrangeSteam,Taunt,Protect|||M|||50|,,,,,Dark]Dondozo||Leftovers|Unaware|Earthquake,OrderUp,BodyPress,Protect|||F|||50|,,,,,Grass]Tatsugiri-Droopy||RockyHelmet|Commander|MuddyWater,DracoMeteor,HelpingHand,Protect|||F|||50|,,,,,Ghost\n|inactive|Battle timer is ON: inactive players will automatically lose when time's up. (requested by dishonorable dozo)\n|\n|t:|1746062605\n|start\n|switch|p1a: Zacian|Zacian-Crowned, L50|100/100\n|switch|p1b: Miraidon|Miraidon, L50|100/100\n|switch|p2a: Chi-Yu|Chi-Yu, L50|100/100\n|switch|p2b: Calyrex|Calyrex-Shadow, L50|100/100\n|-ability|p2b: Calyrex|As One\n|-ability|p2b: Calyrex|Unnerve\n|-ability|p2a: Chi-Yu|Beads of Ruin\n|-ability|p1a: Zacian|Intrepid Sword|boost\n|-boost|p1a: Zacian|atk|1\n|-fieldstart|move: Electric Terrain|[from] ability: Hadron Engine|[of] p1b: Miraidon\n|turn|1\n|\n|t:|1746062614\n|-terastallize|p2b: Calyrex|Ghost\n|move|p1a: Zacian|Protect|p1a: Zacian\n|-singleturn|p1a: Zacian|Protect\n|move|p2a: Chi-Yu|Heat Wave|p1a: Zacian|[spread] p1b\n|-activate|p1a: Zacian|move: Protect\n|-resisted|p1b: Miraidon\n|-damage|p1b: Miraidon|76/100\n|move|p2b: Calyrex|Astral Barrage|p1b: Miraidon|[spread] p1b\n|-activate|p1a: Zacian|move: Protect\n|-damage|p1b: Miraidon|0 fnt\n|faint|p1b: Miraidon\n|-ability|p2b: Calyrex|Grim Neigh|boost\n|-boost|p2b: Calyrex|spa|1\n|\n|upkeep\n|\n|t:|1746062621\n|switch|p1b: Tornadus|Tornadus, L50, M|100/100\n|turn|2\n|\n|t:|1746062629\n|switch|p2a: Weezing|Weezing-Galar, L50, M|100/100\n|-ability|p2a: Weezing|Neutralizing Gas\n|-terastallize|p1a: Zacian|Stellar\n|move|p2b: Calyrex|Astral Barrage|p1a: Zacian|[spread] p1a,p1b\n|-damage|p1a: Zacian|0 fnt\n|-damage|p1b: Tornadus|0 fnt\n|faint|p1a: Zacian\n|faint|p1b: Tornadus\n|-ability|p2b: Calyrex|Grim Neigh|boost\n|-boost|p2b: Calyrex|spa|2\n|\n|upkeep\n|-message|Shiftyeyes forfeited.\n|\n|win|dishonorable dozo\n|raw|Shiftyeyes's rating: 1128 &rarr; <strong>1110</strong><br />(-18 for losing)\n|raw|dishonorable dozo's rating: 1224 &rarr; <strong>1242</strong><br />(+18 for winning)\n|l|\u2606Shiftyeyes\n|player|p1|\n", "uploadtime": 1746062639, "views": 21, "formatid": "gen9vgc2025regibo3", "rating": 1110, "private": 0, "password": null}