{"id": "gen9vgc2025regibo3-2354900528", "format": "[Gen 9] VGC 2025 Reg I (Bo3)", "players": ["GlickWithAGlock", "pantsuit"], "log": "|j|\u2606GlickWithAGlock\n|j|\u2606pantsuit\n|html|<table width=\"100%\"><tr><td align=\"left\">GlickWithAGlock</td><td align=\"right\">pantsuit</tr><tr><td align=\"left\"><i class=\"fa fa-circle-o\"></i> <i class=\"fa fa-circle-o\"></i> </td><td align=\"right\"><i class=\"fa fa-circle-o\"></i> <i class=\"fa fa-circle\"></i> </tr></table>\n|uhtml|bestof|<h2><strong>Game 2</strong> of <a href=\"/game-bestof3-gen9vgc2025regibo3-2354896212\">a best-of-3</a></h2>\n|t:|1746129903\n|gametype|doubles\n|player|p1|GlickWithAGlock|wattson|1345\n|player|p2|pantsuit|102|1394\n|teamsize|p1|6\n|teamsize|p2|6\n|gen|9\n|tier|[Gen 9] VGC 2025 Reg I (Bo3)\n|rated|\n|rule|Species Clause: Limit one of each Pok\u00e9mon\n|rule|Item Clause: Limit 1 of each item\n|clearpoke\n|poke|p1|Urshifu-*, L50, M|\n|poke|p1|Iron Hands, L50|\n|poke|p1|Tornadus, L50, M|\n|poke|p1|Farigiraf, L50, F|\n|poke|p1|Miraidon, L50|\n|poke|p1|Kyogre, L50|\n|poke|p2|Koraidon, L50|\n|poke|p2|Lunala, L50|\n|poke|p2|Chi-Yu, L50|\n|poke|p2|Indeedee-F, L50, F|\n|poke|p2|Brute Bonnet, L50|\n|poke|p2|Flutter Mane, L50|\n|teampreview|4\n|showteam|p1|Urshifu-Rapid-Strike||ChoiceScarf|UnseenFist|SurgingStrikes,Uturn,CloseCombat,AquaJet|||M|||50|,,,,,Water]Iron Hands||AssaultVest|QuarkDrive|FakeOut,DrainPunch,LowKick,WildCharge||||||50|,,,,,Water]Tornadus||AbilityShield|Prankster|Tailwind,BleakwindStorm,RainDance,Protect|||M|||50|,,,,,Dark]Farigiraf||ElectricSeed|ArmorTail|Psychic,FoulPlay,HelpingHand,TrickRoom|||F|||50|,,,,,Water]Miraidon||ChoiceSpecs|HadronEngine|VoltSwitch,DazzlingGleam,ElectroDrift,DracoMeteor||||||50|,,,,,Fairy]Kyogre||MysticWater|Drizzle|WaterSpout,OriginPulse,IceBeam,Protect||||||50|,,,,,Grass\n|showteam|p2|Koraidon||LifeOrb|OrichalcumPulse|FlareBlitz,FlameCharge,CloseCombat,Protect||||||50|,,,,,Fire]Lunala||PowerHerb|ShadowShield|MoongeistBeam,MeteorBeam,WideGuard,ExpandingForce||||||50|,,,,,Water]Chi-Yu||ChoiceScarf|BeadsofRuin|Overheat,HeatWave,DarkPulse,Snarl||||||50|,,,,,Ghost]Indeedee-F||PsychicSeed|PsychicSurge|HelpingHand,FollowMe,Psychic,TrickRoom|||F|||50|,,,,,Fairy]Brute Bonnet||CovertCloak|Protosynthesis|SeedBomb,SuckerPunch,Spore,RagePowder||||||50|,,,,,Water]Flutter Mane||FocusSash|Protosynthesis|Moonblast,IcyWind,ShadowBall,Protect||||||50|,,,,,Normal\n|j| entei enthusiast\n|\n|t:|1746129986\n|start\n|switch|p1a: Iron Hands|Iron Hands, L50|100/100\n|switch|p1b: Kyogre|Kyogre, L50, shiny|100/100\n|switch|p2a: Lunala|Lunala, L50|100/100\n|switch|p2b: Chi-Yu|Chi-Yu, L50|100/100\n|-ability|p2b: Chi-Yu|Beads of Ruin\n|-weather|RainDance|[from] ability: Drizzle|[of] p1b: Kyogre\n|turn|1\n|\n|t:|1746130033\n|switch|p2b: Indeedee|Indeedee-F, L50, F|100/100\n|-fieldstart|move: Psychic Terrain|[from] ability: Psychic Surge|[of] p2b: Indeedee\n|-enditem|p2b: Indeedee|Psychic Seed\n|-boost|p2b: Indeedee|spd|1|[from] item: Psychic Seed\n|switch|p1b: Miraidon|Miraidon, L50|100/100\n|-fieldstart|move: Electric Terrain|[from] ability: Hadron Engine|[of] p1b: Miraidon\n|-activate|p1a: Iron Hands|ability: Quark Drive\n|-start|p1a: Iron Hands|quarkdriveatk\n|-terastallize|p1a: Iron Hands|Water\n|move|p2a: Lunala|Expanding Force|p1b: Miraidon\n|-damage|p1b: Miraidon|65/100\n|move|p1a: Iron Hands|Wild Charge|p2b: Indeedee\n|-crit|p2b: Indeedee\n|-damage|p2b: Indeedee|0 fnt\n|faint|p2b: Indeedee\n|-damage|p1a: Iron Hands|83/100|[from] Recoil\n|\n|-weather|RainDance|[upkeep]\n|upkeep\n|\n|t:|1746130062\n|switch|p2b: Koraidon|Koraidon, L50|100/100\n|-weather|SunnyDay|[from] ability: Orichalcum Pulse|[of] p2b: Koraidon\n|-activate|p2b: Koraidon|Orichalcum Pulse|[source]\n|turn|2\n|\n|t:|1746130143\n|move|p2b: Koraidon|Close Combat|p1a: Iron Hands\n|-damage|p1a: Iron Hands|12/100\n|-unboost|p2b: Koraidon|def|1\n|-unboost|p2b: Koraidon|spd|1\n|-damage|p2b: Koraidon|91/100|[from] item: Life Orb\n|move|p1b: Miraidon|Volt Switch|p2a: Lunala\n|-damage|p2a: Lunala|61/100\n|\n|t:|1746130174\n|switch|p1b: Farigiraf|Farigiraf, L50, F|100/100|[from] Volt Switch\n|-enditem|p1b: Farigiraf|Electric Seed\n|-boost|p1b: Farigiraf|def|1|[from] item: Electric Seed\n|move|p2a: Lunala|Moongeist Beam|p1a: Iron Hands\n|-damage|p1a: Iron Hands|0 fnt\n|faint|p1a: Iron Hands\n|-end|p1a: Iron Hands|Quark Drive|[silent]\n|\n|-weather|SunnyDay|[upkeep]\n|upkeep\n|\n|t:|1746130190\n|switch|p1a: Kyogre|Kyogre, L50, shiny|100/100\n|-weather|RainDance|[from] ability: Drizzle|[of] p1a: Kyogre\n|turn|3\n|\n|t:|1746130238\n|move|p2b: Koraidon|Close Combat|p1b: Farigiraf\n|-crit|p1b: Farigiraf\n|-damage|p1b: Farigiraf|0 fnt\n|-unboost|p2b: Koraidon|def|1\n|-unboost|p2b: Koraidon|spd|1\n|faint|p1b: Farigiraf\n|-damage|p2b: Koraidon|81/100|[from] item: Life Orb\n|move|p2a: Lunala|Meteor Beam||[still]\n|-prepare|p2a: Lunala|Meteor Beam\n|-boost|p2a: Lunala|spa|1\n|-enditem|p2a: Lunala|Power Herb\n|-anim|p2a: Lunala|Meteor Beam|p1a: Kyogre\n|-damage|p1a: Kyogre|50/100\n|move|p1a: Kyogre|Ice Beam|p2b: Koraidon\n|-supereffective|p2b: Koraidon\n|-damage|p2b: Koraidon|0 fnt\n|faint|p2b: Koraidon\n|\n|-weather|RainDance|[upkeep]\n|upkeep\n|\n|t:|1746130254\n|switch|p2b: Chi-Yu|Chi-Yu, L50|100/100\n|switch|p1b: Miraidon|Miraidon, L50|65/100\n|-ability|p2b: Chi-Yu|Beads of Ruin\n|-activate|p1b: Miraidon|ability: Hadron Engine\n|turn|4\n|\n|t:|1746130292\n|-terastallize|p2a: Lunala|Water\n|move|p2b: Chi-Yu|Dark Pulse|p1b: Miraidon\n|-damage|p1b: Miraidon|15/100\n|move|p1b: Miraidon|Electro Drift|p2a: Lunala\n|-supereffective|p2a: Lunala\n|-damage|p2a: Lunala|0 fnt\n|faint|p2a: Lunala\n|move|p1a: Kyogre|Origin Pulse|p2b: Chi-Yu\n|-supereffective|p2b: Chi-Yu\n|-damage|p2b: Chi-Yu|0 fnt\n|faint|p2b: Chi-Yu\n|\n|win|GlickWithAGlock\n||pantsuit is ready for game 3.\n|inactive|GlickWithAGlock has 30 seconds to confirm battle start!\n|inactive|GlickWithAGlock has 20 seconds to confirm battle start!\n|inactive|GlickWithAGlock has 10 seconds to confirm battle start!\n||GlickWithAGlock is ready for game 3.\n|uhtml|next|Next: <a href=\"/battle-gen9vgc2025regibo3-2354904885\"><strong>Game 3 of 3</strong></a>\n|l| entei enthusiast\n|l|\u2606GlickWithAGlock\n|player|p1|\n", "uploadtime": 1746130304, "views": 13, "formatid": "gen9vgc2025regibo3", "rating": null, "private": 0, "password": null}