{"id": "gen9vgc2025regibo3-2353855073", "format": "[Gen 9] VGC 2025 Reg I (Bo3)", "players": ["Winged Kings", "pepepitufo"], "log": "|j|\u2606Winged Kings\n|j|\u2606pepepitufo\n|html|<table width=\"100%\"><tr><td align=\"left\">Winged Kings</td><td align=\"right\">pepepitufo</tr><tr><td align=\"left\"><i class=\"fa fa-circle-o\"></i> <i class=\"fa fa-circle-o\"></i> </td><td align=\"right\"><i class=\"fa fa-circle-o\"></i> <i class=\"fa fa-circle-o\"></i> </tr></table>\n|uhtml|bestof|<h2><strong>Game 1</strong> of <a href=\"/game-bestof3-gen9vgc2025regibo3-2353855072\">a best-of-3</a></h2>\n|t:|1746010818\n|gametype|doubles\n|player|p1|Winged Kings|iono|1242\n|player|p2|pepepitufo|cynthia-gen4|1179\n|teamsize|p1|6\n|teamsize|p2|6\n|gen|9\n|tier|[Gen 9] VGC 2025 Reg I (Bo3)\n|rated|\n|rule|Species Clause: Limit one of each Pok\u00e9mon\n|rule|Item Clause: Limit 1 of each item\n|clearpoke\n|poke|p1|Koraidon, L50|\n|poke|p1|Ho-Oh, L50|\n|poke|p1|Raging Bolt, L50|\n|poke|p1|Flutter Mane, L50|\n|poke|p1|Iron Treads, L50|\n|poke|p1|Brute Bonnet, L50|\n|poke|p2|Calyrex-Ice, L50|\n|poke|p2|Smeargle, L50, M|\n|poke|p2|Miraidon, L50|\n|poke|p2|Whimsicott, L50, F|\n|poke|p2|Chi-Yu, L50|\n|poke|p2|Ursaluna, L50, M|\n|teampreview|4\n|showteam|p1|Koraidon||LoadedDice|OrichalcumPulse|CollisionCourse,FlareBlitz,ScaleShot,Protect||||||50|,,,,,Fire]Ho-Oh||ClearAmulet|Regenerator|BraveBird,SacredFire,Tailwind,Protect||||||50|,,,,,Grass]Raging Bolt||AssaultVest|Protosynthesis|Electroweb,DracoMeteor,Thunderclap,Snarl||||||50|,,,,,Electric]Flutter Mane||FocusSash|Protosynthesis|Moonblast,ShadowBall,IcyWind,Protect||||||50|,,,,,Stellar]Iron Treads||LifeOrb|QuarkDrive|IronHead,KnockOff,HighHorsepower,Protect||||||50|,,,,,Ghost]Brute Bonnet||CovertCloak|Protosynthesis|Spore,RagePowder,SeedBomb,SuckerPunch||||||50|,,,,,Water\n|showteam|p2|Calyrex-Ice||ClearAmulet|AsOneGlastrier|GlacialLance,HighHorsepower,Protect,TrickRoom||||||50|,,,,,Water]Smeargle||FocusSash|OwnTempo|Spore,FollowMe,Decorate,FakeOut|||M|||50|,,,,,Ghost]Miraidon||ChoiceSpecs|HadronEngine|DazzlingGleam,ElectroDrift,VoltSwitch,DracoMeteor||||||50|,,,,,Fairy]Whimsicott||CovertCloak|Prankster|Moonblast,Tailwind,Encore,Taunt|||F|||50|,,,,,Steel]Chi-Yu||ChoiceScarf|BeadsofRuin|Snarl,DarkPulse,Overheat,HeatWave||||||50|,,,,,Ghost]Ursaluna||FlameOrb|Guts|HeadlongRush,Facade,CloseCombat,Protect|||M|||50|,,,,,Ghost\n|inactive|Battle timer is ON: inactive players will automatically lose when time's up. (requested by pepepitufo)\n|\n|t:|1746010862\n|start\n|switch|p1a: Ho-Oh|Ho-Oh, L50, shiny|100/100\n|switch|p1b: Koraidon|Koraidon, L50|100/100\n|switch|p2a: Miraidon|Miraidon, L50|100/100\n|switch|p2b: Smeargle|Smeargle, L50, M|100/100\n|-fieldstart|move: Electric Terrain|[from] ability: Hadron Engine|[of] p2a: Miraidon\n|-weather|SunnyDay|[from] ability: Orichalcum Pulse|[of] p1b: Koraidon\n|-activate|p1b: Koraidon|Orichalcum Pulse|[source]\n|turn|1\n|\n|t:|1746010876\n|move|p1b: Koraidon|Protect|p1b: Koraidon\n|-singleturn|p1b: Koraidon|Protect\n|move|p1a: Ho-Oh|Protect|p1a: Ho-Oh\n|-singleturn|p1a: Ho-Oh|Protect\n|move|p2b: Smeargle|Fake Out|p1b: Koraidon\n|-activate|p1b: Koraidon|move: Protect\n|move|p2a: Miraidon|Volt Switch|p1a: Ho-Oh\n|-activate|p1a: Ho-Oh|move: Protect\n|\n|-weather|SunnyDay|[upkeep]\n|upkeep\n|turn|2\n|\n|t:|1746010893\n|-terastallize|p2a: Miraidon|Fairy\n|-terastallize|p1a: Ho-Oh|Grass\n|move|p2b: Smeargle|Follow Me|p2b: Smeargle\n|-singleturn|p2b: Smeargle|move: Follow Me\n|move|p2a: Miraidon|Volt Switch|p1a: Ho-Oh\n|-resisted|p1a: Ho-Oh\n|-damage|p1a: Ho-Oh|71/100\n|\n|t:|1746010902\n|switch|p2a: Calyrex|Calyrex-Ice, L50|100/100|[from] Volt Switch\n|-ability|p2a: Calyrex|As One\n|-ability|p2a: Calyrex|Unnerve\n|move|p1b: Koraidon|Scale Shot|p2b: Smeargle\n|-damage|p2b: Smeargle|49/100\n|-damage|p2b: Smeargle|0 fnt\n|faint|p2b: Smeargle\n|-hitcount|p2: Smeargle|2\n|-unboost|p1b: Koraidon|def|1\n|-boost|p1b: Koraidon|spe|1\n|move|p1a: Ho-Oh|Sacred Fire|p2a: Calyrex\n|-supereffective|p2a: Calyrex\n|-damage|p2a: Calyrex|11/100\n|\n|-weather|SunnyDay|[upkeep]\n|upkeep\n|\n|t:|1746010912\n|switch|p2b: Miraidon|Miraidon, L50, tera:Fairy|100/100\n|-activate|p2b: Miraidon|ability: Hadron Engine\n|turn|3\n|\n|t:|1746010930\n|move|p1b: Koraidon|Flare Blitz|p2b: Miraidon\n|-damage|p2b: Miraidon|16/100\n|-damage|p1b: Koraidon|74/100|[from] Recoil\n|move|p2b: Miraidon|Dazzling Gleam|p1b: Koraidon|[spread] p1a,p1b\n|-supereffective|p1b: Koraidon\n|-damage|p1a: Ho-Oh|32/100\n|-damage|p1b: Koraidon|0 fnt\n|faint|p1b: Koraidon\n|move|p1a: Ho-Oh|Sacred Fire|p2b: Miraidon\n|-damage|p2b: Miraidon|0 fnt\n|faint|p2b: Miraidon\n|move|p2a: Calyrex|Glacial Lance|p1a: Ho-Oh\n|-supereffective|p1a: Ho-Oh\n|-damage|p1a: Ho-Oh|0 fnt\n|faint|p1a: Ho-Oh\n|-ability|p2a: Calyrex|Chilling Neigh|boost\n|-boost|p2a: Calyrex|atk|1\n|\n|-weather|SunnyDay|[upkeep]\n|upkeep\n|\n|t:|1746010943\n|switch|p2b: Chi-Yu|Chi-Yu, L50|100/100\n|switch|p1b: Iron Treads|Iron Treads, L50|100/100\n|switch|p1a: Raging Bolt|Raging Bolt, L50|100/100\n|-ability|p2b: Chi-Yu|Beads of Ruin\n|-activate|p1b: Iron Treads|ability: Quark Drive\n|-start|p1b: Iron Treads|quarkdrivespe\n|-activate|p1a: Raging Bolt|ability: Protosynthesis\n|-start|p1a: Raging Bolt|protosynthesisspa\n|turn|4\n|\n|t:|1746010952\n|move|p1b: Iron Treads|High Horsepower|p2b: Chi-Yu\n|-supereffective|p2b: Chi-Yu\n|-damage|p2b: Chi-Yu|0 fnt\n|faint|p2b: Chi-Yu\n|-damage|p1b: Iron Treads|91/100|[from] item: Life Orb\n|move|p1a: Raging Bolt|Electroweb|p2a: Calyrex\n|-damage|p2a: Calyrex|0 fnt\n|faint|p2a: Calyrex\n|\n|win|Winged Kings\n||pepepitufo is ready for game 2.\n|inactive|Winged Kings has 30 seconds to confirm battle start!\n|l|\u2606pepepitufo\n|player|p2|\n", "uploadtime": 1746010969, "views": 11, "formatid": "gen9vgc2025regibo3", "rating": null, "private": 0, "password": null}