{"id": "gen9vgc2025regibo3-2353771812", "format": "[Gen 9] VGC 2025 Reg I (Bo3)", "players": ["calciumnyl", "fabiobl7"], "log": "|j|\u2606calciumnyl\n|j|\u2606fabiobl7\n|html|<table width=\"100%\"><tr><td align=\"left\">calciumnyl</td><td align=\"right\">fabiobl7</tr><tr><td align=\"left\"><i class=\"fa fa-circle-o\"></i> <i class=\"fa fa-circle-o\"></i> </td><td align=\"right\"><i class=\"fa fa-circle-o\"></i> <i class=\"fa fa-circle-o\"></i> </tr></table>\n|uhtml|bestof|<h2><strong>Game 1</strong> of <a href=\"/game-bestof3-gen9vgc2025regibo3-2353771810\">a best-of-3</a></h2>\n|t:|1745997289\n|gametype|doubles\n|player|p1|calciumnyl|kieran|1115\n|player|p2|fabiobl7|265|1076\n|teamsize|p1|6\n|teamsize|p2|6\n|gen|9\n|tier|[Gen 9] VGC 2025 Reg I (Bo3)\n|rated|\n|rule|Species Clause: Limit one of each Pok\u00e9mon\n|rule|Item Clause: Limit 1 of each item\n|clearpoke\n|poke|p1|Zacian-*, L50|\n|poke|p1|Groudon, L50|\n|poke|p1|Mienshao, L50, F|\n|poke|p1|Raging Bolt, L50|\n|poke|p1|Incineroar, L50, F|\n|poke|p1|Flutter Mane, L50|\n|poke|p2|Rillaboom, L50, F|\n|poke|p2|Ogerpon-Cornerstone, L50, F|\n|poke|p2|Flutter Mane, L50|\n|poke|p2|Calyrex-Shadow, L50|\n|poke|p2|Koraidon, L50|\n|poke|p2|Raging Bolt, L50|\n|teampreview|4\n|showteam|p1|Zacian-Crowned||RustedSword|IntrepidSword|behemothblade,PlayRough,CloseCombat,Protect||||||50|,,,,,Ground]Groudon||AssaultVest|Drought|PrecipiceBlades,HeatCrash,HighHorsepower,ThunderPunch||||||50|,,,,,Fire]Mienshao||FocusSash|InnerFocus|FakeOut,WideGuard,Coaching,CloseCombat|||F|||50|,,,,,Steel]Raging Bolt||LifeOrb|Protosynthesis|Thunderclap,Thunderbolt,DracoMeteor,Protect||||||50|,,,,,Water]Incineroar||SafetyGoggles|Intimidate|FakeOut,PartingShot,FlareBlitz,KnockOff|||F|||50|,,,,,Ghost]Flutter Mane||BoosterEnergy|Protosynthesis|DazzlingGleam,ShadowBall,Moonblast,Protect||||||50|,,,,,Fairy\n|showteam|p2|Rillaboom||AssaultVest|GrassySurge|FakeOut,WoodHammer,GrassyGlide,Uturn|||F|||50|,,,,,Water]Ogerpon-Cornerstone||CornerstoneMask|Sturdy|IvyCudgel,SpikyShield,FollowMe,PowerWhip|||F|||50|,,,,,Rock]Flutter Mane||BoosterEnergy|Protosynthesis|Moonblast,IcyWind,ThunderWave,Taunt||||||50|,,,,,Fairy]Calyrex-Shadow||FocusSash|AsOneSpectrier|AstralBarrage,Protect,WillOWisp,Psychic||||||50|,,,,,Ghost]Koraidon||ClearAmulet|OrichalcumPulse|Protect,FlameCharge,FlareBlitz,CloseCombat||||||50|,,,,,Fire]Raging Bolt||LifeOrb|Protosynthesis|Protect,Thunderclap,Thunderbolt,DracoMeteor||||||50|,,,,,Electric\n|inactive|Battle timer is ON: inactive players will automatically lose when time's up. (requested by calciumnyl)\n|inactive|calciumnyl has 60 seconds left.\n|\n|t:|1745997326\n|start\n|switch|p1a: High Jump Miss|Mienshao, L50, F|100/100\n|switch|p1b: Icy Miss|Flutter Mane, L50|100/100\n|switch|p2a: Calyrex|Calyrex-Shadow, L50|100/100\n|switch|p2b: Koraidon|Koraidon, L50|100/100\n|-ability|p2a: Calyrex|As One\n|-ability|p2a: Calyrex|Unnerve\n|-weather|SunnyDay|[from] ability: Orichalcum Pulse|[of] p2b: Koraidon\n|-activate|p1b: Icy Miss|ability: Protosynthesis\n|-start|p1b: Icy Miss|protosynthesisspe\n|-activate|p2b: Koraidon|Orichalcum Pulse|[source]\n|turn|1\n|inactive|calciumnyl has 30 seconds left.\n|\n|t:|1745997353\n|move|p2b: Koraidon|Protect|p2b: Koraidon\n|-singleturn|p2b: Koraidon|Protect\n|move|p1a: High Jump Miss|Fake Out|p2b: Koraidon\n|-activate|p2b: Koraidon|move: Protect\n|move|p1b: Icy Miss|Shadow Ball|p2a: Calyrex\n|-supereffective|p2a: Calyrex\n|-crit|p2a: Calyrex\n|-enditem|p2a: Calyrex|Focus Sash\n|-damage|p2a: Calyrex|1/100\n|-unboost|p2a: Calyrex|spd|1\n|move|p2a: Calyrex|Astral Barrage|p1a: High Jump Miss|[spread] p1a,p1b\n|-supereffective|p1b: Icy Miss\n|-enditem|p1a: High Jump Miss|Focus Sash\n|-damage|p1a: High Jump Miss|1/100\n|-damage|p1b: Icy Miss|0 fnt\n|faint|p1b: Icy Miss\n|-end|p1b: Icy Miss|Protosynthesis|[silent]\n|-ability|p2a: Calyrex|Grim Neigh|boost\n|-boost|p2a: Calyrex|spa|1\n|\n|-weather|SunnyDay|[upkeep]\n|upkeep\n|\n|t:|1745997364\n|switch|p1b: Precimiss Blades|Groudon, L50|100/100\n|turn|2\n|\n|t:|1745997375\n|-terastallize|p1b: Precimiss Blades|Fire\n|move|p2a: Calyrex|Protect|p2a: Calyrex\n|-singleturn|p2a: Calyrex|Protect\n|move|p2b: Koraidon|Flame Charge|p1a: High Jump Miss\n|-damage|p1a: High Jump Miss|0 fnt\n|-boost|p2b: Koraidon|spe|1\n|faint|p1a: High Jump Miss\n|move|p1b: Precimiss Blades|Precipice Blades|p2b: Koraidon|[spread] p2b\n|-activate|p2a: Calyrex|move: Protect\n|-damage|p2b: Koraidon|58/100\n|\n|-weather|SunnyDay|[upkeep]\n|upkeep\n|\n|t:|1745997382\n|switch|p1a: Play Miss|Zacian-Crowned, L50|100/100\n|-ability|p1a: Play Miss|Intrepid Sword|boost\n|-boost|p1a: Play Miss|atk|1\n|turn|3\n|\n|t:|1745997396\n|-terastallize|p2a: Calyrex|Ghost\n|move|p1a: Play Miss|Protect|p1a: Play Miss\n|-singleturn|p1a: Play Miss|Protect\n|move|p2b: Koraidon|Close Combat|p1b: Precimiss Blades\n|-damage|p1b: Precimiss Blades|43/100\n|-unboost|p2b: Koraidon|def|1\n|-unboost|p2b: Koraidon|spd|1\n|move|p2a: Calyrex|Astral Barrage|p1b: Precimiss Blades|[spread] p1b\n|-activate|p1a: Play Miss|move: Protect\n|-damage|p1b: Precimiss Blades|0 fnt\n|faint|p1b: Precimiss Blades\n|-ability|p2a: Calyrex|Grim Neigh|boost\n|-boost|p2a: Calyrex|spa|1\n|\n|-weather|SunnyDay|[upkeep]\n|upkeep\n|turn|4\n|\n|t:|1745997410\n|move|p2b: Koraidon|Flare Blitz|p1a: Play Miss\n|-supereffective|p1a: Play Miss\n|-damage|p1a: Play Miss|0 fnt\n|faint|p1a: Play Miss\n|-damage|p2b: Koraidon|25/100|[from] Recoil\n|\n|win|fabiobl7\n|l|\u2606calciumnyl\n|player|p1|\n||calciumnyl is ready for game 2.\n|l|\u2606fabiobl7\n|player|p2|\n||fabiobl7 is ready for game 2.\n|uhtml|next|Next: <a href=\"/battle-gen9vgc2025regibo3-2353772581\"><strong>Game 2 of 3</strong></a>\n", "uploadtime": 1745997702, "views": 7, "formatid": "gen9vgc2025regibo3", "rating": null, "private": 0, "password": null}