{"id": "gen9vgc2025regibo3-2354247641", "format": "[Gen 9] VGC 2025 Reg I (Bo3)", "players": ["pantsuit", "ryoshino2"], "log": "|j|\u2606pantsuit\n|j|\u2606ryoshino2\n|html|<table width=\"100%\"><tr><td align=\"left\">pantsuit</td><td align=\"right\">ryoshino2</tr><tr><td align=\"left\"><i class=\"fa fa-circle\"></i> <i class=\"fa fa-circle-o\"></i> </td><td align=\"right\"><i class=\"fa fa-circle-o\"></i> <i class=\"fa fa-circle-o\"></i> </tr></table>\n|uhtml|bestof|<h2><strong>Game 2</strong> of <a href=\"/game-bestof3-gen9vgc2025regibo3-2354245441\">a best-of-3</a></h2>\n|t:|1746048803\n|gametype|doubles\n|player|p1|pantsuit|2|1354\n|player|p2|ryoshino2|169|1296\n|teamsize|p1|6\n|teamsize|p2|6\n|gen|9\n|tier|[Gen 9] VGC 2025 Reg I (Bo3)\n|rated|\n|rule|Species Clause: Limit one of each Pok\u00e9mon\n|rule|Item Clause: Limit 1 of each item\n|clearpoke\n|poke|p1|Koraidon, L50|\n|poke|p1|Lunala, L50|\n|poke|p1|Chi-Yu, L50|\n|poke|p1|Ursaluna, L50, M|\n|poke|p1|Brute Bonnet, L50|\n|poke|p1|Flutter Mane, L50|\n|poke|p2|Miraidon, L50|\n|poke|p2|Calyrex-Shadow, L50|\n|poke|p2|Volcarona, L50, M|\n|poke|p2|Grimmsnarl, L50, M|\n|poke|p2|Tornadus, L50, M|\n|poke|p2|Hitmontop, L50, M|\n|teampreview|4\n|showteam|p1|Koraidon||LifeOrb|OrichalcumPulse|FlareBlitz,FlameCharge,CloseCombat,Protect||||||50|,,,,,Fire]Lunala||PowerHerb|ShadowShield|MoongeistBeam,MeteorBeam,WideGuard,TrickRoom||||||50|,,,,,Water]Chi-Yu||ChoiceScarf|BeadsofRuin|Overheat,HeatWave,DarkPulse,Snarl||||||50|,,,,,Ghost]Ursaluna||FlameOrb|Guts|Facade,Earthquake,HeadlongRush,Protect|||M|||50|,,,,,Water]Brute Bonnet||CovertCloak|Protosynthesis|SeedBomb,SuckerPunch,Spore,RagePowder||||||50|,,,,,Water]Flutter Mane||FocusSash|Protosynthesis|Moonblast,IcyWind,ShadowBall,Protect||||||50|,,,,,Normal\n|showteam|p2|Miraidon||ChoiceSpecs|HadronEngine|ElectroDrift,VoltSwitch,DazzlingGleam,DracoMeteor||||||50|,,,,,Electric]Calyrex-Shadow||SpellTag|AsOneSpectrier|AstralBarrage,Psychic,NastyPlot,Protect||||||50|,,,,,Dark]Volcarona||RockyHelmet|FlameBody|Overheat,StruggleBug,RagePowder,Protect|||M|||50|,,,,,Dragon]Grimmsnarl||LightClay|Prankster|SpiritBreak,Reflect,LightScreen,ThunderWave|||M|||50|,,,,,Dark]Tornadus||CovertCloak|Prankster|BleakwindStorm,Tailwind,Taunt,Protect|||M|||50|,,,,,Ghost]Hitmontop||SitrusBerry|Intimidate|CloseCombat,SuckerPunch,WideGuard,FakeOut|||M|||50|,,,,,Ghost\n|inactive|Battle timer is ON: inactive players will automatically lose when time's up. (requested by ryoshino2)\n|\n|t:|1746048818\n|start\n|switch|p1a: Lunala|Lunala, L50|100/100\n|switch|p1b: Brute Bonnet|Brute Bonnet, L50|100/100\n|switch|p2a: Calyrex|Calyrex-Shadow, L50|100/100\n|switch|p2b: Hitmontop|Hitmontop, L50, M|100/100\n|-ability|p2a: Calyrex|As One\n|-ability|p2a: Calyrex|Unnerve\n|-ability|p2b: Hitmontop|Intimidate|boost\n|-unboost|p1a: Lunala|atk|1\n|-unboost|p1b: Brute Bonnet|atk|1\n|turn|1\n|\n|t:|1746048837\n|switch|p2a: Miraidon|Miraidon, L50|100/100\n|-fieldstart|move: Electric Terrain|[from] ability: Hadron Engine|[of] p2a: Miraidon\n|-end|p1b: Brute Bonnet|Protosynthesis|[silent]\n|switch|p1b: Ursaluna|Ursaluna, L50, M|100/100\n|-terastallize|p1a: Lunala|Water\n|move|p2b: Hitmontop|Sucker Punch||[still]\n|-fail|p2b: Hitmontop\n|move|p1a: Lunala|Trick Room|p1a: Lunala\n|-fieldstart|move: Trick Room|[of] p1a: Lunala\n|\n|-status|p1b: Ursaluna|brn|[from] item: Flame Orb\n|upkeep\n|turn|2\n|inactive|pantsuit has 30 seconds left.\n|\n|t:|1746048866\n|switch|p2a: Tornadus|Tornadus, L50, M|100/100\n|-terastallize|p2b: Hitmontop|Ghost\n|move|p1b: Ursaluna|Headlong Rush|p2a: Tornadus\n|-immune|p2a: Tornadus\n|move|p2b: Hitmontop|Close Combat|p1b: Ursaluna\n|-supereffective|p1b: Ursaluna\n|-damage|p1b: Ursaluna|20/100 brn\n|-unboost|p2b: Hitmontop|def|1\n|-unboost|p2b: Hitmontop|spd|1\n|move|p1a: Lunala|Moongeist Beam|p2b: Hitmontop\n|-supereffective|p2b: Hitmontop\n|-damage|p2b: Hitmontop|0 fnt\n|faint|p2b: Hitmontop\n|\n|-damage|p1b: Ursaluna|14/100 brn|[from] brn\n|upkeep\n|\n|t:|1746048878\n|switch|p2b: Calyrex|Calyrex-Shadow, L50|100/100\n|-ability|p2b: Calyrex|As One\n|-ability|p2b: Calyrex|Unnerve\n|turn|3\n|\n|t:|1746048892\n|move|p1b: Ursaluna|Headlong Rush|p2b: Calyrex\n|-damage|p2b: Calyrex|0 fnt\n|-unboost|p1b: Ursaluna|def|1\n|-unboost|p1b: Ursaluna|spd|1\n|faint|p2b: Calyrex\n|move|p2a: Tornadus|Bleakwind Storm|p1b: Ursaluna|[spread] p1a\n|-miss|p2a: Tornadus|p1b: Ursaluna\n|-damage|p1a: Lunala|89/100\n|move|p1a: Lunala|Meteor Beam||[still]\n|-prepare|p1a: Lunala|Meteor Beam\n|-boost|p1a: Lunala|spa|1\n|-enditem|p1a: Lunala|Power Herb\n|-anim|p1a: Lunala|Meteor Beam|p2a: Tornadus|[miss]\n|-miss|p1a: Lunala|p2a: Tornadus\n|\n|-damage|p1b: Ursaluna|8/100 brn|[from] brn\n|upkeep\n|\n|t:|1746048896\n|switch|p2b: Miraidon|Miraidon, L50|100/100\n|-activate|p2b: Miraidon|ability: Hadron Engine\n|turn|4\n|-message|ryoshino2 forfeited.\n|\n|win|pantsuit\n|raw|pantsuit's rating: 1354 &rarr; <strong>1371</strong><br />(+17 for winning)\n|raw|ryoshino2's rating: 1296 &rarr; <strong>1275</strong><br />(-21 for losing)\n|l|\u2606ryoshino2\n|player|p2|\n|l|\u2606pantsuit\n|player|p1|\n", "uploadtime": 1746048910, "views": 18, "formatid": "gen9vgc2025regibo3", "rating": 1275, "private": 0, "password": null}