{"id": "gen9vgc2025regibo3-2354949834", "format": "[Gen 9] VGC 2025 Reg I (Bo3)", "players": ["BlueKnightmare", "LittleBig18"], "log": "|j|\u2606BlueKnightmare\n|j|\u2606LittleBig18\n|html|<table width=\"100%\"><tr><td align=\"left\">BlueKnightmare</td><td align=\"right\">LittleBig18</tr><tr><td align=\"left\"><i class=\"fa fa-circle\"></i> <i class=\"fa fa-circle-o\"></i> </td><td align=\"right\"><i class=\"fa fa-circle-o\"></i> <i class=\"fa fa-circle\"></i> </tr></table>\n|uhtml|bestof|<h2><strong>Game 3</strong> of <a href=\"/game-bestof3-gen9vgc2025regibo3-2354943894\">a best-of-3</a></h2>\n|t:|1746134859\n|gametype|doubles\n|player|p1|BlueKnightmare|turo-ai|1148\n|player|p2|LittleBig18|170|1103\n|teamsize|p1|6\n|teamsize|p2|6\n|gen|9\n|tier|[Gen 9] VGC 2025 Reg I (Bo3)\n|rated|\n|rule|Species Clause: Limit one of each Pok\u00e9mon\n|rule|Item Clause: Limit 1 of each item\n|clearpoke\n|poke|p1|Miraidon, L50|\n|poke|p1|Palkia, L50|\n|poke|p1|Ursaluna, L50, F|\n|poke|p1|Volcarona, L50, F|\n|poke|p1|Pelipper, L50, F|\n|poke|p1|Farigiraf, L50, F|\n|poke|p2|Reshiram, L50|\n|poke|p2|Calyrex-Shadow, L50|\n|poke|p2|Rillaboom, L50, F|\n|poke|p2|Urshifu-*, L50, M|\n|poke|p2|Volcarona, L50, F|\n|poke|p2|Raging Bolt, L50|\n|teampreview|4\n|showteam|p1|Miraidon||ChoiceSpecs|HadronEngine|VoltSwitch,ElectroDrift,Discharge,DracoMeteor||||||50|,,,,,Electric]Palkia||WideLens|Telepathy|HydroPump,TrickRoom,Protect,SpacialRend||||||50|,,,,,Water]Ursaluna||FlameOrb|Guts|Protect,HeadlongRush,Facade,Earthquake|||F|||50|,,,,,Grass]Volcarona||RockyHelmet|FlameBody|GigaDrain,QuiverDance,Flamethrower,Protect|||F|||50|,,,,,Grass]Pelipper||FocusSash|Drizzle|WeatherBall,Tailwind,WideGuard,Hurricane|||F|||50|,,,,,Ground]Farigiraf||ElectricSeed|ArmorTail|FoulPlay,Protect,Roar,TrickRoom|||F|||50|,,,,,Water\n|showteam|p2|Reshiram||LifeOrb|Turboblaze|FusionFlare,DracoMeteor,EarthPower,Protect||||||50|,,,,,Fairy]Calyrex-Shadow||FocusSash|AsOneSpectrier|AstralBarrage,Psychic,Disable,Protect||||||50|,,,,,Ghost]Rillaboom||AssaultVest|GrassySurge|FakeOut,WoodHammer,GrassyGlide,Uturn|||F|||50|,,,,,Fire]Urshifu-Rapid-Strike||ChoiceScarf|UnseenFist|SurgingStrikes,CloseCombat,Uturn,AquaJet|||M|||50|,,,,,Water]Volcarona||SafetyGoggles|FlameBody|RagePowder,Tailwind,WillOWisp,FieryDance|||F|||50|,,,,,Water]Raging Bolt||BoosterEnergy|Protosynthesis|Thunderbolt,DracoMeteor,Thunderclap,Protect||||||50|,,,,,Fairy\n|inactive|Battle timer is ON: inactive players will automatically lose when time's up. (requested by BlueKnightmare)\n|\n|t:|1746134891\n|start\n|switch|p1a: M.I.R.|Miraidon, L50|100/100\n|switch|p1b: Radiance|Volcarona, L50, F|100/100\n|switch|p2a: Calyrex|Calyrex-Shadow, L50|100/100\n|switch|p2b: Reshiram|Reshiram, L50|100/100\n|-ability|p2a: Calyrex|As One\n|-ability|p2a: Calyrex|Unnerve\n|-fieldstart|move: Electric Terrain|[from] ability: Hadron Engine|[of] p1a: M.I.R.\n|-ability|p2b: Reshiram|Turboblaze\n|turn|1\n|inactive|LittleBig18 has 30 seconds left.\n|\n|t:|1746134921\n|move|p2a: Calyrex|Protect|p2a: Calyrex\n|-singleturn|p2a: Calyrex|Protect\n|move|p2b: Reshiram|Protect|p2b: Reshiram\n|-singleturn|p2b: Reshiram|Protect\n|move|p1a: M.I.R.|Draco Meteor|p2b: Reshiram\n|-activate|p2b: Reshiram|move: Protect\n|move|p1b: Radiance|Quiver Dance|p1b: Radiance\n|-boost|p1b: Radiance|spa|1\n|-boost|p1b: Radiance|spd|1\n|-boost|p1b: Radiance|spe|1\n|\n|upkeep\n|turn|2\n|\n|t:|1746134944\n|-terastallize|p2a: Calyrex|Ghost\n|-terastallize|p1a: M.I.R.|Electric\n|move|p1b: Radiance|Flamethrower|p2a: Calyrex\n|-damage|p2a: Calyrex|40/100\n|move|p2a: Calyrex|Astral Barrage|p1b: Radiance|[spread] p1a,p1b\n|-crit|p1a: M.I.R.\n|-damage|p1a: M.I.R.|3/100\n|-damage|p1b: Radiance|59/100\n|move|p1a: M.I.R.|Draco Meteor|p2a: Calyrex\n|-damage|p2a: Calyrex|0 fnt\n|-unboost|p1a: M.I.R.|spa|2\n|faint|p2a: Calyrex\n|move|p2b: Reshiram|Draco Meteor|p1b: Radiance\n|-damage|p1b: Radiance|0 fnt\n|-unboost|p2b: Reshiram|spa|2\n|faint|p1b: Radiance\n|-damage|p2b: Reshiram|91/100|[from] item: Life Orb\n|\n|upkeep\n|\n|t:|1746134968\n|switch|p2a: Urshifu|Urshifu-Rapid-Strike, L50, M|100/100\n|switch|p1b: Not phallic|Palkia, L50|100/100\n|turn|3\n|inactive|LittleBig18 has 30 seconds left.\n|\n|t:|1746134997\n|move|p2b: Reshiram|Protect|p2b: Reshiram\n|-singleturn|p2b: Reshiram|Protect\n|move|p2a: Urshifu|Close Combat|p1b: Not phallic\n|-damage|p1b: Not phallic|48/100\n|-unboost|p2a: Urshifu|def|1\n|-unboost|p2a: Urshifu|spd|1\n|move|p1a: M.I.R.|Draco Meteor|p2b: Reshiram\n|-activate|p2b: Reshiram|move: Protect\n|move|p1b: Not phallic|Trick Room|p1b: Not phallic\n|-fieldstart|move: Trick Room|[of] p1b: Not phallic\n|\n|upkeep\n|turn|4\n|inactive|LittleBig18 has 30 seconds left.\n|\n|t:|1746135023\n|switch|p2a: Raging Bolt|Raging Bolt, L50|100/100\n|-enditem|p2a: Raging Bolt|Booster Energy\n|-activate|p2a: Raging Bolt|ability: Protosynthesis|[fromitem]\n|-start|p2a: Raging Bolt|protosynthesisspa\n|move|p1b: Not phallic|Spacial Rend|p2b: Reshiram\n|-supereffective|p2b: Reshiram\n|-damage|p2b: Reshiram|0 fnt\n|faint|p2b: Reshiram\n|move|p1a: M.I.R.|Draco Meteor|p2a: Raging Bolt\n|-supereffective|p2a: Raging Bolt\n|-damage|p2a: Raging Bolt|0 fnt\n|-unboost|p1a: M.I.R.|spa|2\n|faint|p2a: Raging Bolt\n|-end|p2a: Raging Bolt|Protosynthesis|[silent]\n|\n|upkeep\n|-message|LittleBig18 forfeited.\n|\n|win|BlueKnightmare\n|raw|BlueKnightmare's rating: 1148 &rarr; <strong>1170</strong><br />(+22 for winning)\n|raw|LittleBig18's rating: 1103 &rarr; <strong>1081</strong><br />(-22 for losing)\n|l|\u2606LittleBig18\n|player|p2|\n|l|\u2606BlueKnightmare\n|player|p1|\n", "uploadtime": 1746135346, "views": 6, "formatid": "gen9vgc2025regibo3", "rating": 1081, "private": 0, "password": null}