{"id": "gen9vgc2025regibo3-2354945926", "format": "[Gen 9] VGC 2025 Reg I (Bo3)", "players": ["thedbeast777", "theanamoly"], "log": "|j|\u2606thedbeast777\n|j|\u2606theanamoly\n|html|<table width=\"100%\"><tr><td align=\"left\">thedbeast777</td><td align=\"right\">theanamoly</tr><tr><td align=\"left\"><i class=\"fa fa-circle-o\"></i> <i class=\"fa fa-circle-o\"></i> </td><td align=\"right\"><i class=\"fa fa-circle-o\"></i> <i class=\"fa fa-circle-o\"></i> </tr></table>\n|uhtml|bestof|<h2><strong>Game 1</strong> of <a href=\"/game-bestof3-gen9vgc2025regibo3-2354945925\">a best-of-3</a></h2>\n|t:|1746134446\n|gametype|doubles\n|player|p1|thedbeast777|170|1079\n|player|p2|theanamoly|2|1080\n|teamsize|p1|6\n|teamsize|p2|6\n|gen|9\n|tier|[Gen 9] VGC 2025 Reg I (Bo3)\n|rated|\n|rule|Species Clause: Limit one of each Pok\u00e9mon\n|rule|Item Clause: Limit 1 of each item\n|clearpoke\n|poke|p1|Flutter Mane, L50|\n|poke|p1|Chien-Pao, L50|\n|poke|p1|Koraidon, L50|\n|poke|p1|Lunala, L50|\n|poke|p1|Amoonguss, L50, F|\n|poke|p1|Ursaluna-Bloodmoon, L50, M|\n|poke|p2|Sneasler, L50, M|\n|poke|p2|Calyrex-Shadow, L50|\n|poke|p2|Dondozo, L50, M|\n|poke|p2|Tatsugiri-Droopy, L50, F|\n|poke|p2|Chi-Yu, L50|\n|poke|p2|Miraidon, L50|\n|teampreview|4\n|showteam|p1|Flutter Mane||BoosterEnergy|Protosynthesis|Moonblast,ShadowBall,IcyWind,Protect||||||50|,,,,,Normal]Chien-Pao||FocusSash|SwordofRuin|Protect,SuckerPunch,IceSpinner,ThroatChop||||||50|,,,,,Ghost]Koraidon||ClearAmulet|OrichalcumPulse|CloseCombat,FlareBlitz,FlameCharge,Protect||||||50|,,,,,Fire]Lunala||PowerHerb|ShadowShield|MoongeistBeam,MeteorBeam,WideGuard,TrickRoom||||||50|,,,,,Water]Amoonguss||RockyHelmet|Regenerator|Spore,PollenPuff,RagePowder,Protect|||F|||50|,,,,,Water]Ursaluna-Bloodmoon||LifeOrb|MindsEye|HyperVoice,BloodMoon,EarthPower,Protect|||M|||50|,,,,,Normal\n|showteam|p2|Sneasler||ElectricSeed|Unburden|CloseCombat,DireClaw,ToxicSpikes,FakeOut|||M|||50|,,,,,Dark]Calyrex-Shadow||LifeOrb|AsOneSpectrier|AstralBarrage,Psychic,Encore,Protect||||||50|,,,,,Dark]Dondozo||Leftovers|Unaware|Earthquake,BodyPress,OrderUp,Protect|||M|||50|,,,,,Grass]Tatsugiri-Droopy||FocusSash|Commander|DracoMeteor,MuddyWater,HelpingHand,Protect|||F|||50|,,,,,Stellar]Chi-Yu||ChoiceScarf|BeadsofRuin|Overheat,HeatWave,ScaryFace,Snarl||||||50|,,,,,Ghost]Miraidon||AssaultVest|HadronEngine|ElectroDrift,DracoMeteor,DazzlingGleam,VoltSwitch||||||50|,,,,,Fairy\n|inactive|Battle timer is ON: inactive players will automatically lose when time's up. (requested by thedbeast777)\n|inactive|theanamoly has 60 seconds left.\n|\n|t:|1746134503\n|start\n|switch|p1a: Definetly CSR|Lunala, L50|100/100\n|switch|p1b: Felon|Amoonguss, L50, F|100/100\n|switch|p2a: Calyrex|Calyrex-Shadow, L50|100/100\n|switch|p2b: Chi-Yu|Chi-Yu, L50|100/100\n|-ability|p2a: Calyrex|As One\n|-ability|p2a: Calyrex|Unnerve\n|-ability|p2b: Chi-Yu|Beads of Ruin\n|turn|1\n|inactive|thedbeast777 has 30 seconds left.\n|inactive|theanamoly has 30 seconds left.\n|inactive|thedbeast777 has 20 seconds left.\n|inactive|thedbeast777 has 15 seconds left.\n|\n|t:|1746134547\n|-terastallize|p1a: Definetly CSR|Water\n|move|p2a: Calyrex|Protect|p2a: Calyrex\n|-singleturn|p2a: Calyrex|Protect\n|move|p1a: Definetly CSR|Wide Guard|p1a: Definetly CSR\n|-singleturn|p1a: Definetly CSR|Wide Guard\n|move|p2b: Chi-Yu|Overheat|p1b: Felon\n|-supereffective|p1b: Felon\n|-damage|p1b: Felon|0 fnt\n|-unboost|p2b: Chi-Yu|spa|2\n|faint|p1b: Felon\n|\n|upkeep\n|\n|t:|1746134562\n|switch|p1b: Silly Lizard|Koraidon, L50|100/100\n|-weather|SunnyDay|[from] ability: Orichalcum Pulse|[of] p1b: Silly Lizard\n|-activate|p1b: Silly Lizard|Orichalcum Pulse|[source]\n|turn|2\n|\n|t:|1746134573\n|switch|p2b: Miraidon|Miraidon, L50|100/100\n|-fieldstart|move: Electric Terrain|[from] ability: Hadron Engine|[of] p2b: Miraidon\n|move|p1a: Definetly CSR|Wide Guard|p1a: Definetly CSR\n|-singleturn|p1a: Definetly CSR|Wide Guard\n|move|p2a: Calyrex|Encore|p1a: Definetly CSR\n|-start|p1a: Definetly CSR|Encore\n|move|p1b: Silly Lizard|Flame Charge|p2a: Calyrex\n|-damage|p2a: Calyrex|56/100\n|-boost|p1b: Silly Lizard|spe|1\n|\n|-weather|SunnyDay|[upkeep]\n|upkeep\n|turn|3\n|inactive|thedbeast777 has 30 seconds left.\n|\n|t:|1746134604\n|move|p2a: Calyrex|Protect|p2a: Calyrex\n|-singleturn|p2a: Calyrex|Protect\n|move|p1a: Definetly CSR|Wide Guard|p1a: Definetly CSR\n|-singleturn|p1a: Definetly CSR|Wide Guard\n|move|p1b: Silly Lizard|Close Combat|p2b: Miraidon\n|-damage|p2b: Miraidon|9/100\n|-unboost|p1b: Silly Lizard|def|1\n|-unboost|p1b: Silly Lizard|spd|1\n|move|p2b: Miraidon|Electro Drift|p1a: Definetly CSR\n|-supereffective|p1a: Definetly CSR\n|-damage|p1a: Definetly CSR|7/100\n|\n|-weather|SunnyDay|[upkeep]\n|upkeep\n|turn|4\n|inactive|theanamoly has 30 seconds left.\n|inactive|theanamoly has 20 seconds left.\n|inactive|theanamoly has 15 seconds left.\n|inactive|theanamoly has 10 seconds left.\n|\n|t:|1746134653\n|move|p1a: Definetly CSR|Wide Guard|p1a: Definetly CSR\n|-singleturn|p1a: Definetly CSR|Wide Guard\n|move|p1b: Silly Lizard|Flare Blitz|p2a: Calyrex\n|-damage|p2a: Calyrex|0 fnt\n|faint|p2a: Calyrex\n|-damage|p1b: Silly Lizard|85/100|[from] Recoil\n|move|p2b: Miraidon|Dazzling Gleam|p1b: Silly Lizard|[spread] \n|-activate|p1a: Definetly CSR|move: Wide Guard\n|-activate|p1b: Silly Lizard|move: Wide Guard\n|\n|-weather|SunnyDay|[upkeep]\n|upkeep\n|\n|t:|1746134667\n|switch|p2a: Sneasler|Sneasler, L50, M|100/100\n|-enditem|p2a: Sneasler|Electric Seed\n|-boost|p2a: Sneasler|def|1|[from] item: Electric Seed\n|turn|5\n|inactive|theanamoly has 30 seconds left.\n|inactive|theanamoly has 20 seconds left.\n|inactive|thedbeast777 has 30 seconds left.\n|\n|t:|1746134708\n|move|p2a: Sneasler|Fake Out|p1b: Silly Lizard\n|-damage|p1b: Silly Lizard|69/100\n|move|p1a: Definetly CSR|Wide Guard|p1a: Definetly CSR\n|-singleturn|p1a: Definetly CSR|Wide Guard\n|cant|p1b: Silly Lizard|flinch\n|move|p2b: Miraidon|Draco Meteor|p1b: Silly Lizard\n|-supereffective|p1b: Silly Lizard\n|-damage|p1b: Silly Lizard|0 fnt\n|-unboost|p2b: Miraidon|spa|2\n|faint|p1b: Silly Lizard\n|\n|-weather|SunnyDay|[upkeep]\n|-end|p1a: Definetly CSR|Encore\n|upkeep\n|\n|t:|1746134710\n|switch|p1b: Ursaluna|Ursaluna-Bloodmoon, L50, M|100/100\n|turn|6\n|inactive|theanamoly has 30 seconds left.\n|\n|t:|1746134740\n|move|p1a: Definetly CSR|Wide Guard|p1a: Definetly CSR\n|-singleturn|p1a: Definetly CSR|Wide Guard\n|move|p2a: Sneasler|Close Combat|p1b: Ursaluna\n|-supereffective|p1b: Ursaluna\n|-damage|p1b: Ursaluna|9/100\n|-unboost|p2a: Sneasler|def|1\n|-unboost|p2a: Sneasler|spd|1\n|move|p2b: Miraidon|Electro Drift|p1a: Definetly CSR\n|-supereffective|p1a: Definetly CSR\n|-damage|p1a: Definetly CSR|0 fnt\n|faint|p1a: Definetly CSR\n|move|p1b: Ursaluna|Hyper Voice|p2a: Sneasler|[spread] p2a,p2b\n|-damage|p2a: Sneasler|0 fnt\n|-damage|p2b: Miraidon|0 fnt\n|faint|p2a: Sneasler\n|faint|p2b: Miraidon\n|-damage|p1b: Ursaluna|0 fnt|[from] item: Life Orb\n|faint|p1b: Ursaluna\n|\n|win|theanamoly\n||thedbeast777 is ready for game 2.\n|inactive|theanamoly has 30 seconds to confirm battle start!\n||theanamoly is ready for game 2.\n|uhtml|next|Next: <a href=\"/battle-gen9vgc2025regibo3-2354948848\"><strong>Game 2 of 3</strong></a>\n|l|\u2606thedbeast777\n|player|p1|\n", "uploadtime": 1746135101, "views": 6, "formatid": "gen9vgc2025regibo3", "rating": null, "private": 0, "password": null}