{"id": "gen9vgc2025regibo3-2355143513", "format": "[Gen 9] VGC 2025 Reg I (Bo3)", "players": ["tuckered out1", "Harricardo"], "log": "|j|\u2606tuckered out1\n|j|\u2606Harricardo\n|html|<table width=\"100%\"><tr><td align=\"left\">tuckered out1</td><td align=\"right\">Harricardo</tr><tr><td align=\"left\"><i class=\"fa fa-circle-o\"></i> <i class=\"fa fa-circle-o\"></i> </td><td align=\"right\"><i class=\"fa fa-circle-o\"></i> <i class=\"fa fa-circle\"></i> </tr></table>\n|uhtml|bestof|<h2><strong>Game 2</strong> of <a href=\"/game-bestof3-gen9vgc2025regibo3-2355141066\">a best-of-3</a></h2>\n|t:|1746158142\n|gametype|doubles\n|player|p1|tuckered out1|gentleman-gen4|1093\n|player|p2|Harricardo|1|1000\n|teamsize|p1|6\n|teamsize|p2|6\n|gen|9\n|tier|[Gen 9] VGC 2025 Reg I (Bo3)\n|rated|\n|rule|Species Clause: Limit one of each Pok\u00e9mon\n|rule|Item Clause: Limit 1 of each item\n|clearpoke\n|poke|p1|Indeedee-F, L50, F|\n|poke|p1|Raichu, L50, F|\n|poke|p1|Koraidon, L50|\n|poke|p1|Jumpluff, L50, M|\n|poke|p1|Lunala, L50|\n|poke|p1|Ogerpon-Cornerstone, L50, F|\n|poke|p2|Necrozma-Dusk-Mane, L50|\n|poke|p2|Miraidon, L50|\n|poke|p2|Incineroar, L50, M|\n|poke|p2|Whimsicott, L50, M|\n|poke|p2|Landorus-Therian, L50, M|\n|poke|p2|Clefairy, L50, M|\n|teampreview|4\n|showteam|p1|Indeedee-F||AbilityShield|PsychicSurge|TrickRoom,Imprison,Psychic,FollowMe|||F|||50|,,,,,Psychic]Raichu||AssaultVest|LightningRod|VoltSwitch,FakeOut,Endeavor,Nuzzle|||F|||50|,,,,,Water]Koraidon||LifeOrb|OrichalcumPulse|DragonClaw,FlareBlitz,CollisionCourse,Protect||||||50|,,,,,Fire]Jumpluff||FocusSash|Chlorophyll|Tailwind,SleepPowder,Uturn,Charm|||M|||50|,,,,,Dark]Lunala||PsychicSeed|ShadowShield|Protect,ExpandingForce,WideGuard,MoongeistBeam||||||50|,,,,,Psychic]Ogerpon-Cornerstone||CornerstoneMask|Sturdy|IvyCudgel,Protect,KnockOff,FollowMe|||F|||50|,,,,,Rock\n|showteam|p2|Necrozma-Dusk-Mane||WeaknessPolicy|PrismArmor|DragonDance,PhotonGeyser,SunsteelStrike,Protect||||||50|,,,,,Steel]Miraidon||ChoiceSpecs|HadronEngine|ElectroDrift,VoltSwitch,DragonPulse,DazzlingGleam||||||50|,,,,,Electric]Incineroar||SafetyGoggles|Intimidate|KnockOff,FakeOut,WillOWisp,PartingShot|||M|||50|,,,,,Ghost]Whimsicott||CovertCloak|Prankster|BeatUp,Encore,Tailwind,Moonblast|||M|||50|,,,,,Water]Landorus-Therian||ChoiceScarf|Intimidate|Uturn,RockSlide,StompingTantrum,TeraBlast|||M|||50|,,,,,Flying]Clefairy||Eviolite|FriendGuard|IcyWind,FollowMe,HelpingHand,HealPulse|||M|||50|,,,,,Fairy\n|inactive|Battle timer is ON: inactive players will automatically lose when time's up. (requested by tuckered out1)\n|inactive|tuckered out1 has 60 seconds left.\n|inactive|Harricardo has 60 seconds left.\n|\n|t:|1746158182\n|start\n|switch|p1a: Koraidon|Koraidon, L50|100/100\n|switch|p1b: Tuckered out|Ogerpon-Cornerstone, L50, F|100/100\n|switch|p2a: Teehee|Whimsicott, L50, M|100/100\n|switch|p2b: Pink Lemonade|Necrozma-Dusk-Mane, L50, shiny|100/100\n|-weather|SunnyDay|[from] ability: Orichalcum Pulse|[of] p1a: Koraidon\n|-activate|p1a: Koraidon|Orichalcum Pulse|[source]\n|turn|1\n|inactive|Harricardo has 30 seconds left.\n|inactive|Harricardo has 20 seconds left.\n|inactive|Harricardo has 15 seconds left.\n|inactive|Harricardo has 10 seconds left.\n|inactive|Harricardo has 5 seconds left.\n|\n|t:|1746158237\n|-terastallize|p1a: Koraidon|Fire\n|move|p1b: Tuckered out|Follow Me|p1b: Tuckered out\n|-singleturn|p1b: Tuckered out|move: Follow Me\n|move|p1a: Koraidon|Flare Blitz|p2b: Pink Lemonade\n|-supereffective|p2b: Pink Lemonade\n|-damage|p2b: Pink Lemonade|0 fnt\n|faint|p2b: Pink Lemonade\n|-damage|p1a: Koraidon|68/100|[from] Recoil\n|-damage|p1a: Koraidon|58/100|[from] item: Life Orb\n|move|p2a: Teehee|Beat Up|p1b: Tuckered out\n|-damage|p1b: Tuckered out|98/100\n|-damage|p1b: Tuckered out|93/100\n|-damage|p1b: Tuckered out|90/100\n|-hitcount|p1b: Tuckered out|3\n|\n|-weather|SunnyDay|[upkeep]\n|upkeep\n|\n|t:|1746158244\n|switch|p2b: Good ol days|Landorus-Therian, L50, M|100/100\n|-ability|p2b: Good ol days|Intimidate|boost\n|-unboost|p1a: Koraidon|atk|1\n|-unboost|p1b: Tuckered out|atk|1\n|turn|2\n|inactive|Harricardo has 30 seconds left.\n|inactive|Harricardo has 20 seconds left.\n|inactive|Harricardo has 15 seconds left.\n|inactive|Harricardo has 10 seconds left.\n|inactive|Harricardo has 5 seconds left.\n|\n|t:|1746158297\n|move|p2a: Teehee|Encore|p1a: Koraidon\n|-start|p1a: Koraidon|Encore\n|move|p2b: Good ol days|Stomping Tantrum|p1a: Koraidon\n|-supereffective|p1a: Koraidon\n|-damage|p1a: Koraidon|0 fnt\n|faint|p1a: Koraidon\n|move|p1b: Tuckered out|Ivy Cudgel|p2b: Good ol days|[anim] Ivy Cudgel Rock\n|-damage|p2b: Good ol days|53/100\n|\n|-weather|SunnyDay|[upkeep]\n|upkeep\n|\n|t:|1746158307\n|switch|p1a: Lunala|Lunala, L50|100/100\n|turn|3\n|inactive|Harricardo has 30 seconds left.\n|inactive|Harricardo has 20 seconds left.\n|inactive|Harricardo has 15 seconds left.\n|inactive|Harricardo has 10 seconds left.\n|inactive|Harricardo has 5 seconds left.\n|\n|t:|1746158358\n|switch|p1b: Indeedee|Indeedee-F, L50, F|100/100\n|-fieldstart|move: Psychic Terrain|[from] ability: Psychic Surge|[of] p1b: Indeedee\n|-enditem|p1a: Lunala|Psychic Seed\n|-boost|p1a: Lunala|spd|1|[from] item: Psychic Seed\n|move|p2b: Good ol days|Stomping Tantrum|p1a: Lunala\n|-damage|p1a: Lunala|83/100\n|move|p2a: Teehee|Moonblast|p1a: Lunala\n|-damage|p1a: Lunala|71/100\n|move|p1a: Lunala|Expanding Force|p2a: Teehee|[spread] p2a,p2b\n|-crit|p2b: Good ol days\n|-damage|p2a: Teehee|23/100\n|-damage|p2b: Good ol days|0 fnt\n|faint|p2b: Good ol days\n|\n|-weather|SunnyDay|[upkeep]\n|upkeep\n|\n|t:|1746158361\n|switch|p2b: Miraigoat|Miraidon, L50|100/100\n|-fieldstart|move: Electric Terrain|[from] ability: Hadron Engine|[of] p2b: Miraigoat\n|turn|4\n|\n|t:|1746158374\n|switch|p1b: Tuckered out|Ogerpon-Cornerstone, L50, F|90/100\n|-terastallize|p2b: Miraigoat|Electric\n|move|p1a: Lunala|Protect|p1a: Lunala\n|-singleturn|p1a: Lunala|Protect\n|move|p2a: Teehee|Tailwind|p2a: Teehee\n|-sidestart|p2: Harricardo|move: Tailwind\n|move|p2b: Miraigoat|Electro Drift|p1a: Lunala\n|-activate|p1a: Lunala|move: Protect\n|\n|-weather|SunnyDay|[upkeep]\n|upkeep\n|turn|5\n|inactive|tuckered out1 has 30 seconds left.\n|inactive|tuckered out1 has 20 seconds left.\n|\n|t:|1746158411\n|move|p1a: Lunala|Protect|p1a: Lunala\n|-singleturn|p1a: Lunala|Protect\n|move|p2a: Teehee|Encore|p1a: Lunala\n|-activate|p1a: Lunala|move: Protect\n|move|p2b: Miraigoat|Electro Drift|p1a: Lunala\n|-activate|p1a: Lunala|move: Protect\n|move|p1b: Tuckered out|Ivy Cudgel|p2b: Miraigoat|[anim] Ivy Cudgel Rock\n|-crit|p2b: Miraigoat\n|-damage|p2b: Miraigoat|2/100\n|\n|-weather|none\n|upkeep\n|turn|6\n|inactive|tuckered out1 has 30 seconds left.\n|inactive|Harricardo has 30 seconds left.\n|\n|t:|1746158442\n|switch|p1a: Indeedee|Indeedee-F, L50, F|100/100\n|-fieldstart|move: Psychic Terrain|[from] ability: Psychic Surge|[of] p1a: Indeedee\n|move|p2b: Miraigoat|Electro Drift|p1a: Indeedee\n|-damage|p1a: Indeedee|25/100\n|move|p2a: Teehee|Beat Up|p1a: Indeedee\n|-supereffective|p1a: Indeedee\n|-damage|p1a: Indeedee|20/100\n|-supereffective|p1a: Indeedee\n|-damage|p1a: Indeedee|13/100\n|-hitcount|p1a: Indeedee|2\n|move|p1b: Tuckered out|Knock Off|p2b: Miraigoat\n|-damage|p2b: Miraigoat|0 fnt\n|-enditem|p2b: Miraigoat|Choice Specs|[from] move: Knock Off|[of] p1b: Tuckered out\n|faint|p2b: Miraigoat\n|\n|upkeep\n|turn|7\n|-message|Harricardo forfeited.\n|\n|win|tuckered out1\n|l|\u2606Harricardo\n|player|p2|\n|inactive|tuckered out1 has 30 seconds to confirm battle start!\n|inactive|Harricardo has 30 seconds to confirm battle start!\n|inactive|tuckered out1 has 20 seconds to confirm battle start!\n|inactive|Harricardo has 20 seconds to confirm battle start!\n||tuckered out1 is ready for game 3.\n|inactive|Harricardo has 10 seconds to confirm battle start!\n|uhtml|next|Next: <a href=\"/battle-gen9vgc2025regibo3-2355146019\"><strong>Game 3 of 3</strong></a>\n", "uploadtime": 1746158578, "views": 1, "formatid": "gen9vgc2025regibo3", "rating": null, "private": 0, "password": null}