{"id": "gen9vgc2025regibo3-2354466144", "format": "[Gen 9] VGC 2025 Reg I (Bo3)", "players": ["PokemonmasterN2009", "Ulico"], "log": "|j|\u2606PokemonmasterN2009\n|j|\u2606Ulico\n|html|<table width=\"100%\"><tr><td align=\"left\">PokemonmasterN2009</td><td align=\"right\">Ulico</tr><tr><td align=\"left\"><i class=\"fa fa-circle-o\"></i> <i class=\"fa fa-circle-o\"></i> </td><td align=\"right\"><i class=\"fa fa-circle-o\"></i> <i class=\"fa fa-circle-o\"></i> </tr></table>\n|uhtml|bestof|<h2><strong>Game 1</strong> of <a href=\"/game-bestof3-gen9vgc2025regibo3-2354466143\">a best-of-3</a></h2>\n|t:|1746076021\n|gametype|doubles\n|player|p1|PokemonmasterN2009|steven|1297\n|player|p2|Ulico|mrstone|1273\n|teamsize|p1|6\n|teamsize|p2|6\n|gen|9\n|tier|[Gen 9] VGC 2025 Reg I (Bo3)\n|rated|\n|rule|Species Clause: Limit one of each Pok\u00e9mon\n|rule|Item Clause: Limit 1 of each item\n|clearpoke\n|poke|p1|Calyrex-Ice, L50|\n|poke|p1|Smeargle, L50, M|\n|poke|p1|Kyogre, L50|\n|poke|p1|Farigiraf, L50, M|\n|poke|p1|Amoonguss, L50, M|\n|poke|p1|Urshifu-*, L50, M|\n|poke|p2|Calyrex-Shadow, L50|\n|poke|p2|Koraidon, L50|\n|poke|p2|Brute Bonnet, L50|\n|poke|p2|Raging Bolt, L50|\n|poke|p2|Incineroar, L50, M|\n|poke|p2|Ogerpon-Cornerstone, L50, F|\n|teampreview|4\n|showteam|p1|Calyrex-Ice||ClearAmulet|AsOneGlastrier|TrickRoom,GlacialLance,HighHorsepower,Protect||||||50|,,,,,Fire]Smeargle||FocusSash|OwnTempo|Spore,FollowMe,WideGuard,Decorate|||M|||50|,,,,,Grass]Kyogre||IronBall|Drizzle|WaterSpout,HydroPump,Thunder,IceBeam||||||50|,,,,,Grass]Farigiraf||ThroatSpray|ArmorTail|TrickRoom,HyperVoice,Roar,PsychicNoise|||M|||50|,,,,,Water]Amoonguss||MentalHerb|Regenerator|RagePowder,ClearSmog,Spore,PollenPuff|||M|||50|,,,,,Water]Urshifu||PowerBelt|UnseenFist|WickedBlow,Taunt,SuckerPunch,CloseCombat|||M|||50|,,,,,Dark\n|showteam|p2|Calyrex-Shadow||FocusSash|AsOneSpectrier|AstralBarrage,Psychic,NastyPlot,Protect||||||50|,,,,,Ghost]Koraidon||LifeOrb|OrichalcumPulse|CloseCombat,FlareBlitz,FlameCharge,Protect||||||50|,,,,,Fire]Brute Bonnet||CovertCloak|Protosynthesis|Protect,SuckerPunch,Spore,RagePowder||||||50|,,,,,Water]Raging Bolt||AssaultVest|Protosynthesis|Thunderbolt,Thunderclap,DracoMeteor,Electroweb||||||50|,,,,,Fairy]Incineroar||SafetyGoggles|Intimidate|KnockOff,FlareBlitz,PartingShot,FakeOut|||M|||50|,,,,,Ghost]Ogerpon-Cornerstone||CornerstoneMask|Sturdy|IvyCudgel,Taunt,FollowMe,SpikyShield|||F|||50|,,,,,Rock\n|inactive|Battle timer is ON: inactive players will automatically lose when time's up. (requested by PokemonmasterN2009)\n|inactive|PokemonmasterN2009 has 60 seconds left.\n|inactive|Ulico has 60 seconds left.\n|\n|t:|1746076076\n|start\n|switch|p1a: Smeargle|Smeargle, L50, M, shiny|100/100\n|switch|p1b: Calyrex|Calyrex-Ice, L50|100/100\n|switch|p2a: Ogerpon|Ogerpon-Cornerstone, L50, F|100/100\n|switch|p2b: Koraidon|Koraidon, L50|100/100\n|-ability|p1b: Calyrex|As One\n|-ability|p1b: Calyrex|Unnerve\n|-weather|SunnyDay|[from] ability: Orichalcum Pulse|[of] p2b: Koraidon\n|-activate|p2b: Koraidon|Orichalcum Pulse|[source]\n|turn|1\n|\n|t:|1746076093\n|switch|p2b: Brute Bonnet|Brute Bonnet, L50|100/100\n|-activate|p2b: Brute Bonnet|ability: Protosynthesis\n|-start|p2b: Brute Bonnet|protosynthesisdef\n|move|p1a: Smeargle|Follow Me|p1a: Smeargle\n|-singleturn|p1a: Smeargle|move: Follow Me\n|move|p2a: Ogerpon|Taunt|p1a: Smeargle\n|-start|p1a: Smeargle|move: Taunt\n|move|p1b: Calyrex|Trick Room|p1b: Calyrex\n|-fieldstart|move: Trick Room|[of] p1b: Calyrex\n|\n|-weather|SunnyDay|[upkeep]\n|upkeep\n|turn|2\n|\n|t:|1746076112\n|switch|p1a: Urshifu|Urshifu, L50, M|100/100\n|-terastallize|p2b: Brute Bonnet|Water\n|move|p1b: Calyrex|Protect|p1b: Calyrex\n|-singleturn|p1b: Calyrex|Protect\n|move|p2a: Ogerpon|Spiky Shield|p2a: Ogerpon\n|-singleturn|p2a: Ogerpon|move: Protect\n|move|p2b: Brute Bonnet|Spore|p1b: Calyrex\n|-activate|p1b: Calyrex|move: Protect\n|\n|-weather|SunnyDay|[upkeep]\n|upkeep\n|turn|3\n|\n|t:|1746076132\n|move|p2a: Ogerpon|Follow Me|p2a: Ogerpon\n|-singleturn|p2a: Ogerpon|move: Follow Me\n|move|p1a: Urshifu|Taunt|p2a: Ogerpon\n|-start|p2a: Ogerpon|move: Taunt\n|move|p1b: Calyrex|Glacial Lance|p2b: Brute Bonnet|[spread] p2a,p2b\n|-supereffective|p2a: Ogerpon\n|-resisted|p2b: Brute Bonnet\n|-ability|p2a: Ogerpon|Sturdy\n|-damage|p2a: Ogerpon|1/100\n|-damage|p2b: Brute Bonnet|85/100\n|move|p2b: Brute Bonnet|Spore|p1b: Calyrex\n|-status|p1b: Calyrex|slp|[from] move: Spore\n|\n|-weather|SunnyDay|[upkeep]\n|upkeep\n|turn|4\n|inactive|PokemonmasterN2009 has 30 seconds left.\n|\n|t:|1746076158\n|switch|p2a: Raging Bolt|Raging Bolt, L50|100/100\n|-activate|p2a: Raging Bolt|ability: Protosynthesis\n|-start|p2a: Raging Bolt|protosynthesisspa\n|move|p1a: Urshifu|Taunt|p2b: Brute Bonnet\n|-start|p2b: Brute Bonnet|move: Taunt\n|cant|p1b: Calyrex|slp\n|cant|p2b: Brute Bonnet|move: Taunt|Spore\n|\n|-weather|SunnyDay|[upkeep]\n|upkeep\n|turn|5\n|inactive|PokemonmasterN2009 has 30 seconds left.\n|inactive|PokemonmasterN2009 has 20 seconds left.\n|inactive|PokemonmasterN2009 has 15 seconds left.\n|inactive|PokemonmasterN2009 has 10 seconds left.\n|\n|t:|1746076206\n|move|p2b: Brute Bonnet|Sucker Punch|p1b: Calyrex\n|-supereffective|p1b: Calyrex\n|-damage|p1b: Calyrex|61/100 slp\n|move|p1a: Urshifu|Wicked Blow|p2b: Brute Bonnet\n|-crit|p2b: Brute Bonnet\n|-damage|p2b: Brute Bonnet|52/100\n|cant|p1b: Calyrex|slp\n|move|p2a: Raging Bolt|Thunderbolt|p1a: Urshifu\n|-damage|p1a: Urshifu|16/100\n|\n|-weather|none\n|-end|p2b: Brute Bonnet|Protosynthesis\n|-end|p2a: Raging Bolt|Protosynthesis\n|-fieldend|move: Trick Room\n|upkeep\n|turn|6\n|inactive|PokemonmasterN2009 has 30 seconds left.\n|inactive|Ulico has 30 seconds left.\n|\n|t:|1746076233\n|-end|p2b: Brute Bonnet|Protosynthesis|[silent]\n|switch|p2b: Koraidon|Koraidon, L50|100/100\n|-weather|SunnyDay|[from] ability: Orichalcum Pulse|[of] p2b: Koraidon\n|-activate|p2a: Raging Bolt|ability: Protosynthesis\n|-start|p2a: Raging Bolt|protosynthesisspa\n|-activate|p2b: Koraidon|Orichalcum Pulse|[source]\n|switch|p1a: Smeargle|Smeargle, L50, M, shiny|100/100\n|-terastallize|p1b: Calyrex|Fire\n|move|p2a: Raging Bolt|Draco Meteor|p1b: Calyrex\n|-damage|p1b: Calyrex|0 fnt\n|-unboost|p2a: Raging Bolt|spa|2\n|faint|p1b: Calyrex\n|\n|-weather|SunnyDay|[upkeep]\n|upkeep\n|-message|PokemonmasterN2009 forfeited.\n|\n|win|Ulico\n|l|\u2606PokemonmasterN2009\n|player|p1|\n||PokemonmasterN2009 is ready for game 2.\n||Ulico is ready for game 2.\n|uhtml|next|Next: <a href=\"/battle-gen9vgc2025regibo3-2354467429\"><strong>Game 2 of 3</strong></a>\n", "uploadtime": 1746076313, "views": 7, "formatid": "gen9vgc2025regibo3", "rating": null, "private": 0, "password": null}