{"id": "gen9vgc2025regibo3-2354043592", "format": "[Gen 9] VGC 2025 Reg I (Bo3)", "players": ["evhiewbveuib", "RapiAnisNeon"], "log": "|j|\u2606evhiewbveuib\n|j|\u2606RapiAnisNeon\n|html|<table width=\"100%\"><tr><td align=\"left\">evhiewbveuib</td><td align=\"right\">RapiAnisNeon</tr><tr><td align=\"left\"><i class=\"fa fa-circle-o\"></i> <i class=\"fa fa-circle-o\"></i> </td><td align=\"right\"><i class=\"fa fa-circle-o\"></i> <i class=\"fa fa-circle-o\"></i> </tr></table>\n|uhtml|bestof|<h2><strong>Game 1</strong> of <a href=\"/game-bestof3-gen9vgc2025regibo3-2354043591\">a best-of-3</a></h2>\n|t:|1746030041\n|gametype|doubles\n|player|p1|evhiewbveuib|pokemaniac|1105\n|player|p2|RapiAnisNeon|266|1177\n|teamsize|p1|6\n|teamsize|p2|6\n|gen|9\n|tier|[Gen 9] VGC 2025 Reg I (Bo3)\n|rated|\n|rule|Species Clause: Limit one of each Pok\u00e9mon\n|rule|Item Clause: Limit 1 of each item\n|clearpoke\n|poke|p1|Koraidon, L50|\n|poke|p1|Jumpluff, L50, F|\n|poke|p1|Walking Wake, L50|\n|poke|p1|Heatran, L50, M|\n|poke|p1|Indeedee-F, L50, F|\n|poke|p1|Lunala, L50|\n|poke|p2|Miraidon, L50|\n|poke|p2|Farigiraf, L50, M|\n|poke|p2|Calyrex-Ice, L50|\n|poke|p2|Ursaluna-Bloodmoon, L50, M|\n|poke|p2|Rillaboom, L50, F|\n|poke|p2|Iron Hands, L50|\n|teampreview|4\n|showteam|p1|Koraidon||LifeOrb|OrichalcumPulse|CloseCombat,FlareBlitz,FlameCharge,Protect||||||50|,,,,,Fire]Jumpluff||FocusSash|Chlorophyll|PollenPuff,Tailwind,RagePowder,Protect|||F|||50|,,,,,Dark]Walking Wake||SafetyGoggles|Protosynthesis|HydroSteam,DracoMeteor,WeatherBall,Protect||||||50|,,,,,Fairy]Heatran||AssaultVest|FlashFire|Flamethrower,DarkPulse,EarthPower,HeatWave|||M|||50|,,,,,Fairy]Indeedee-F||PsychicSeed|PsychicSurge|Psychic,FollowMe,TrickRoom,HelpingHand|||F|||50|,,,,,Grass]Lunala||PowerHerb|ShadowShield|MoongeistBeam,MeteorBeam,ExpandingForce,WideGuard||||||50|,,,,,Grass\n|showteam|p2|Miraidon||ChoiceSpecs|HadronEngine|ElectroDrift,DazzlingGleam,VoltSwitch,DracoMeteor||||||50|,,,,,Fairy]Farigiraf||MentalHerb|ArmorTail|TrickRoom,HelpingHand,FoulPlay,Protect|||M|||50|,,,,,Fairy]Calyrex-Ice||ClearAmulet|AsOneGlastrier|GlacialLance,HighHorsepower,Protect,TrickRoom||||||50|,,,,,Fire]Ursaluna-Bloodmoon||LifeOrb|MindsEye|HyperVoice,BloodMoon,EarthPower,Protect|||M|||50|,,,,,Ghost]Rillaboom||GrassySeed|GrassySurge|FakeOut,GrassyGlide,WoodHammer,Taunt|||F|||50|,,,,,Grass]Iron Hands||AssaultVest|QuarkDrive|FakeOut,DrainPunch,WildCharge,BrickBreak||||||50|,,,,,Fighting\n|\n|t:|1746030072\n|start\n|switch|p1a: Pavao|Koraidon, L50|100/100\n|switch|p1b: Walking Wake|Walking Wake, L50|100/100\n|switch|p2a: Miraidon|Miraidon, L50|100/100\n|switch|p2b: Farigiraf|Farigiraf, L50, M|100/100\n|-weather|SunnyDay|[from] ability: Orichalcum Pulse|[of] p1a: Pavao\n|-activate|p1b: Walking Wake|ability: Protosynthesis\n|-start|p1b: Walking Wake|protosynthesisspe\n|-activate|p1a: Pavao|Orichalcum Pulse|[source]\n|-fieldstart|move: Electric Terrain|[from] ability: Hadron Engine|[of] p2a: Miraidon\n|turn|1\n|\n|t:|1746030101\n|-terastallize|p1a: Pavao|Fire\n|-terastallize|p2a: Miraidon|Fairy\n|move|p2b: Farigiraf|Helping Hand|p2a: Miraidon\n|-singleturn|p2a: Miraidon|Helping Hand|[of] p2b: Farigiraf\n|move|p1b: Walking Wake|Draco Meteor|p2a: Miraidon\n|-immune|p2a: Miraidon\n|move|p1a: Pavao|Flare Blitz|p2b: Farigiraf\n|-damage|p2b: Farigiraf|0 fnt\n|faint|p2b: Farigiraf\n|-damage|p1a: Pavao|59/100|[from] Recoil\n|-damage|p1a: Pavao|50/100|[from] item: Life Orb\n|move|p2a: Miraidon|Dazzling Gleam|p1b: Walking Wake|[spread] p1a,p1b\n|-resisted|p1a: Pavao\n|-supereffective|p1b: Walking Wake\n|-damage|p1a: Pavao|4/100\n|-damage|p1b: Walking Wake|0 fnt\n|faint|p1b: Walking Wake\n|-end|p1b: Walking Wake|Protosynthesis|[silent]\n|\n|-weather|SunnyDay|[upkeep]\n|upkeep\n|\n|t:|1746030117\n|switch|p1b: Batmite|Lunala, L50|100/100\n|switch|p2b: Calyrex|Calyrex-Ice, L50|100/100\n|-ability|p2b: Calyrex|As One\n|-ability|p2b: Calyrex|Unnerve\n|turn|2\n|\n|t:|1746030128\n|move|p1b: Batmite|Wide Guard|p1b: Batmite\n|-singleturn|p1b: Batmite|Wide Guard\n|move|p1a: Pavao|Flare Blitz|p2b: Calyrex\n|-supereffective|p2b: Calyrex\n|-damage|p2b: Calyrex|0 fnt\n|faint|p2b: Calyrex\n|-damage|p1a: Pavao|0 fnt|[from] Recoil\n|faint|p1a: Pavao\n|move|p2a: Miraidon|Dazzling Gleam|p1b: Batmite\n|-activate|p1b: Batmite|move: Wide Guard\n|\n|-weather|SunnyDay|[upkeep]\n|upkeep\n|\n|t:|1746030135\n|switch|p1a: Thing 2|Indeedee-F, L50, F|100/100\n|switch|p2b: Ursaluna|Ursaluna-Bloodmoon, L50, M|100/100\n|-fieldstart|move: Psychic Terrain|[from] ability: Psychic Surge|[of] p1a: Thing 2\n|-enditem|p1a: Thing 2|Psychic Seed\n|-boost|p1a: Thing 2|spd|1|[from] item: Psychic Seed\n|turn|3\n|\n|t:|1746030147\n|move|p1a: Thing 2|Follow Me|p1a: Thing 2\n|-singleturn|p1a: Thing 2|move: Follow Me\n|move|p2a: Miraidon|Dazzling Gleam|p1a: Thing 2|[spread] p1a,p1b\n|-damage|p1a: Thing 2|72/100\n|-damage|p1b: Batmite|82/100\n|move|p1b: Batmite|Expanding Force|p2a: Miraidon|[spread] p2a,p2b\n|-damage|p2a: Miraidon|43/100\n|-damage|p2b: Ursaluna|29/100\n|move|p2b: Ursaluna|Hyper Voice|p1a: Thing 2|[spread] p1a,p1b\n|-damage|p1a: Thing 2|39/100\n|-damage|p1b: Batmite|48/100\n|-damage|p2b: Ursaluna|20/100|[from] item: Life Orb\n|\n|-weather|SunnyDay|[upkeep]\n|upkeep\n|turn|4\n|\n|t:|1746030159\n|move|p1a: Thing 2|Follow Me|p1a: Thing 2\n|-singleturn|p1a: Thing 2|move: Follow Me\n|move|p2a: Miraidon|Dazzling Gleam|p1b: Batmite|[spread] p1a,p1b\n|-damage|p1a: Thing 2|8/100\n|-damage|p1b: Batmite|12/100\n|move|p1b: Batmite|Expanding Force|p2a: Miraidon|[spread] p2a,p2b\n|-damage|p2a: Miraidon|0 fnt\n|-damage|p2b: Ursaluna|0 fnt\n|faint|p2a: Miraidon\n|faint|p2b: Ursaluna\n|\n|win|evhiewbveuib\n||RapiAnisNeon is ready for game 2.\n|inactive|evhiewbveuib has 30 seconds to confirm battle start!\n|inactive|evhiewbveuib has 20 seconds to confirm battle start!\n||evhiewbveuib is ready for game 2.\n|uhtml|next|Next: <a href=\"/battle-gen9vgc2025regibo3-2354045338\"><strong>Game 2 of 3</strong></a>\n|l|\u2606evhiewbveuib\n|player|p1|\n", "uploadtime": 1746030494, "views": 9, "formatid": "gen9vgc2025regibo3", "rating": null, "private": 0, "password": null}