{"id": "gen9vgc2025regibo3-2354538725", "format": "[Gen 9] VGC 2025 Reg I (Bo3)", "players": ["larry3323", "R1xohbambino"], "log": "|j|\u203dlarry3323\n|j|\u2606R1xohbambino\n|html|<table width=\"100%\"><tr><td align=\"left\">larry3323</td><td align=\"right\">R1xohbambino</tr><tr><td align=\"left\"><i class=\"fa fa-circle-o\"></i> <i class=\"fa fa-circle-o\"></i> </td><td align=\"right\"><i class=\"fa fa-circle-o\"></i> <i class=\"fa fa-circle-o\"></i> </tr></table>\n|uhtml|bestof|<h2><strong>Game 1</strong> of <a href=\"/game-bestof3-gen9vgc2025regibo3-2354538724\">a best-of-3</a></h2>\n|t:|1746090443\n|gametype|doubles\n|player|p1|larry3323|169|1336\n|player|p2|R1xohbambino|fisherman-gen4|1329\n|teamsize|p1|6\n|teamsize|p2|6\n|gen|9\n|tier|[Gen 9] VGC 2025 Reg I (Bo3)\n|rated|\n|rule|Species Clause: Limit one of each Pok\u00e9mon\n|rule|Item Clause: Limit 1 of each item\n|clearpoke\n|poke|p1|Calyrex-Shadow, L50|\n|poke|p1|Zamazenta-*, L50|\n|poke|p1|Rillaboom, L50, M|\n|poke|p1|Incineroar, L50, F|\n|poke|p1|Urshifu-*, L50, M|\n|poke|p1|Ogerpon-Hearthflame, L50, F|\n|poke|p2|Calyrex-Shadow, L50|\n|poke|p2|Koraidon, L50|\n|poke|p2|Whimsicott, L50, M|\n|poke|p2|Volcarona, L50, F|\n|poke|p2|Raging Bolt, L50|\n|poke|p2|Ogerpon-Cornerstone, L50, F|\n|teampreview|4\n|showteam|p1|Calyrex-Shadow||SpellTag|AsOneSpectrier|Protect,AstralBarrage,Psychic,NastyPlot||||||50|,,,,,Normal]Zamazenta-Crowned||RustedShield|DauntlessShield|Protect,BodyPress,behemothbash,WideGuard||||||50|,,,,,Dragon]Rillaboom||AssaultVest|GrassySurge|WoodHammer,GrassyGlide,Uturn,FakeOut|||M|||50|,,,,,Fire]Incineroar||RockyHelmet|Intimidate|KnockOff,WillOWisp,PartingShot,FakeOut|||F|||50|,,,,,Water]Urshifu-Rapid-Strike||ChoiceScarf|UnseenFist|SurgingStrikes,CloseCombat,Coaching,Uturn|||M|||50|,,,,,Water]Ogerpon-Hearthflame||HearthflameMask|MoldBreaker|SpikyShield,IvyCudgel,FollowMe,GrassyGlide|||F|||50|,,,,,Fire\n|showteam|p2|Calyrex-Shadow||FocusSash|AsOneSpectrier|AstralBarrage,Psychic,Substitute,Protect||||||50|,,,,,Dark]Koraidon||ClearAmulet|OrichalcumPulse|CollisionCourse,FlareBlitz,FlameCharge,Protect||||||50|,,,,,Fire]Whimsicott||CovertCloak|Prankster|Tailwind,Moonblast,LightScreen,SunnyDay|||M|||50|,,,,,Dark]Volcarona||SafetyGoggles|FlameBody|HeatWave,QuiverDance,WillOWisp,Protect|||F|||50|,,,,,Water]Raging Bolt||AssaultVest|Protosynthesis|VoltSwitch,Thunderclap,Snarl,DracoMeteor||||||50|,,,,,Electric]Ogerpon-Cornerstone||CornerstoneMask|Sturdy|IvyCudgel,Taunt,SpikyShield,FollowMe|||F|||50|,,,,,Rock\n|inactive|Battle timer is ON: inactive players will automatically lose when time's up. (requested by R1xohbambino)\n|inactive|larry3323 also wants the timer to be on.\n|inactive|larry3323 has 60 seconds left.\n|inactive|R1xohbambino has 60 seconds left.\n|inactive|larry3323 has 30 seconds left.\n|inactive|larry3323 has 20 seconds left.\n|inactive|larry3323 has 15 seconds left.\n|inactive|larry3323 has 10 seconds left.\n|inactive|larry3323 has 5 seconds left.\n|\n|t:|1746090529\n|start\n|switch|p1a: Calyrex|Calyrex-Shadow, L50|100/100\n|switch|p1b: Zamazenta|Zamazenta-Crowned, L50|100/100\n|switch|p2a: Calyrex|Calyrex-Shadow, L50|100/100\n|switch|p2b: Koraidon|Koraidon, L50|100/100\n|-ability|p2a: Calyrex|As One\n|-ability|p2a: Calyrex|Unnerve\n|-ability|p1a: Calyrex|As One\n|-ability|p1a: Calyrex|Unnerve\n|-weather|SunnyDay|[from] ability: Orichalcum Pulse|[of] p2b: Koraidon\n|-activate|p2b: Koraidon|Orichalcum Pulse|[source]\n|-ability|p1b: Zamazenta|Dauntless Shield|boost\n|-boost|p1b: Zamazenta|def|1\n|turn|1\n|inactive|larry3323 has 30 seconds left.\n|inactive|R1xohbambino has 30 seconds left.\n|\n|t:|1746090564\n|-terastallize|p1a: Calyrex|Normal\n|-terastallize|p2b: Koraidon|Fire\n|move|p2a: Calyrex|Protect|p2a: Calyrex\n|-singleturn|p2a: Calyrex|Protect\n|move|p1a: Calyrex|Astral Barrage|p2a: Calyrex|[spread] p2b\n|-activate|p2a: Calyrex|move: Protect\n|-damage|p2b: Koraidon|44/100\n|move|p2b: Koraidon|Flame Charge|p1a: Calyrex\n|-damage|p1a: Calyrex|37/100\n|-boost|p2b: Koraidon|spe|1\n|move|p1b: Zamazenta|Behemoth Bash|p2a: Calyrex\n|-activate|p2a: Calyrex|move: Protect\n|\n|-weather|SunnyDay|[upkeep]\n|upkeep\n|turn|2\n|-message|larry3323 forfeited.\n|\n|win|R1xohbambino\n|l|\u203dlarry3323\n|player|p1|\n||R1xohbambino is ready for game 2.\n||larry3323 is ready for game 2.\n|uhtml|next|Next: <a href=\"/battle-gen9vgc2025regibo3-2354539445\"><strong>Game 2 of 3</strong></a>\n|l|\u2606R1xohbambino\n|player|p2|\n", "uploadtime": 1746090852, "views": 12, "formatid": "gen9vgc2025regibo3", "rating": null, "private": 0, "password": null}