{"id": "gen9vgc2025regibo3-2354255991", "format": "[Gen 9] VGC 2025 Reg I (Bo3)", "players": ["Worst Mon Ever", "Jesucrit0"], "log": "|j|\u203dWorst Mon Ever\n|j|\u2606Jesucrit0\n|html|<table width=\"100%\"><tr><td align=\"left\">Worst Mon Ever</td><td align=\"right\">Jesucrit0</tr><tr><td align=\"left\"><i class=\"fa fa-circle-o\"></i> <i class=\"fa fa-circle-o\"></i> </td><td align=\"right\"><i class=\"fa fa-circle-o\"></i> <i class=\"fa fa-circle\"></i> </tr></table>\n|uhtml|bestof|<h2><strong>Game 2</strong> of <a href=\"/game-bestof3-gen9vgc2025regibo3-2354253893\">a best-of-3</a></h2>\n|t:|1746049675\n|gametype|doubles\n|player|p1|Worst Mon Ever|101|1062\n|player|p2|Jesucrit0|buck|1078\n|teamsize|p1|5\n|teamsize|p2|6\n|gen|9\n|tier|[Gen 9] VGC 2025 Reg I (Bo3)\n|rated|\n|rule|Species Clause: Limit one of each Pok\u00e9mon\n|rule|Item Clause: Limit 1 of each item\n|clearpoke\n|poke|p1|Kyurem-White, L50|\n|poke|p1|Raichu-Alola, L50, M|\n|poke|p1|Pincurchin, L50, F|\n|poke|p1|Toedscruel, L50, M|\n|poke|p1|Rayquaza, L50|\n|poke|p2|Palkia-Origin, L50|\n|poke|p2|Farigiraf, L50, M|\n|poke|p2|Calyrex-Ice, L50|\n|poke|p2|Rillaboom, L50, F|\n|poke|p2|Urshifu-*, L50, F|\n|poke|p2|Chi-Yu, L50|\n|teampreview|4\n|showteam|p1|Kyurem-White||AssaultVest|Turboblaze|DracoMeteor,Endeavor,FreezeDry,Protect||||||50|,,,,,Dragon]Raichu-Alola||ChoiceSpecs|SurgeSurfer|ElectroBall,Electroweb,GrassKnot,VoltSwitch|||M|||50|,,,,,Grass]Pincurchin||FocusSash|ElectricSurge|SuckerPunch,Substitute,Electroweb,ZingZap|||F|||50|,,,,,Electric]Toedscruel||RockyHelmet|MyceliumMight|RagePowder,TrickRoom,AcidSpray,ToxicSpikes|||M|||50|,,,,,Ground]Rayquaza||ChoiceBand|AirLock|ExtremeSpeed,ShadowClaw,RockSlide||||||50|,,,,,Normal\n|showteam|p2|Palkia-Origin||LustrousGlobe|Pressure|SpacialRend,Protect,HydroPump,DracoMeteor||||||50|,,,,,Fairy]Farigiraf||SafetyGoggles|ArmorTail|FoulPlay,Psychic,HelpingHand,TrickRoom|||M|||50|,,,,,Water]Calyrex-Ice||ClearAmulet|AsOneGlastrier|GlacialLance,HighHorsepower,Protect,TrickRoom||||||50|,,,,,Fairy]Rillaboom||AssaultVest|GrassySurge|GrassyGlide,WoodHammer,FakeOut,Uturn|||F|||50|,,,,,Fire]Urshifu-Rapid-Strike||MysticWater|UnseenFist|SurgingStrikes,CloseCombat,Protect,AquaJet|||F|||50|,,,,,Water]Chi-Yu||ChoiceScarf|BeadsofRuin|HeatWave,Overheat,DarkPulse,Snarl||||||50|,,,,,Fire\n|inactive|Battle timer is ON: inactive players will automatically lose when time's up. (requested by Worst Mon Ever)\n|inactive|Jesucrit0 has 60 seconds left.\n|\n|t:|1746049728\n|start\n|switch|p1a: Raichu|Raichu-Alola, L50, M|100/100\n|switch|p1b: Pincurchin|Pincurchin, L50, F|100/100\n|switch|p2a: iShowSpeed|Calyrex-Ice, L50|100/100\n|switch|p2b: 100 Men|Rillaboom, L50, F|100/100\n|-ability|p2a: iShowSpeed|As One\n|-ability|p2a: iShowSpeed|Unnerve\n|-fieldstart|move: Grassy Terrain|[from] ability: Grassy Surge|[of] p2b: 100 Men\n|-fieldstart|move: Electric Terrain|[from] ability: Electric Surge|[of] p1b: Pincurchin\n|turn|1\n|inactive|Worst Mon Ever has 30 seconds left.\n|inactive|Jesucrit0 has 30 seconds left.\n|inactive|Jesucrit0 has 20 seconds left.\n|inactive|Worst Mon Ever has 20 seconds left.\n|inactive|Jesucrit0 has 15 seconds left.\n|\n|t:|1746049772\n|switch|p1b: Toedscruel|Toedscruel, L50, M|100/100\n|move|p2b: 100 Men|Fake Out|p1a: Raichu\n|-damage|p1a: Raichu|72/100\n|cant|p1a: Raichu|flinch\n|move|p2a: iShowSpeed|Trick Room|p2a: iShowSpeed\n|-fieldstart|move: Trick Room|[of] p2a: iShowSpeed\n|\n|upkeep\n|turn|2\n|\n|t:|1746049795\n|move|p2a: iShowSpeed|Glacial Lance|p1b: Toedscruel|[spread] p1a,p1b\n|-supereffective|p1b: Toedscruel\n|-damage|p1a: Raichu|0 fnt\n|-damage|p1b: Toedscruel|0 fnt\n|faint|p1a: Raichu\n|faint|p1b: Toedscruel\n|-ability|p2a: iShowSpeed|Chilling Neigh|boost\n|-boost|p2a: iShowSpeed|atk|2\n|move|p2b: 100 Men|Grassy Glide|p1: Raichu|[notarget]\n|-fail|p2b: 100 Men\n|\n|upkeep\n|\n|t:|1746049806\n|switch|p1b: Rayquaza|Rayquaza, L50|100/100\n|switch|p1a: Pincurchin|Pincurchin, L50, F|100/100\n|-ability|p1b: Rayquaza|Air Lock\n|turn|3\n|\n|t:|1746049821\n|-terastallize|p1b: Rayquaza|Normal\n|move|p1b: Rayquaza|Extreme Speed|p2a: iShowSpeed\n|-damage|p2a: iShowSpeed|56/100\n|move|p1a: Pincurchin|Zing Zap|p2a: iShowSpeed\n|-damage|p2a: iShowSpeed|24/100\n|move|p2a: iShowSpeed|Glacial Lance|p1b: Rayquaza|[spread] p1a,p1b\n|-enditem|p1a: Pincurchin|Focus Sash\n|-damage|p1a: Pincurchin|1/100\n|-damage|p1b: Rayquaza|0 fnt\n|faint|p1b: Rayquaza\n|-ability|p2a: iShowSpeed|Chilling Neigh|boost\n|-boost|p2a: iShowSpeed|atk|1\n|move|p2b: 100 Men|U-turn|p1a: Pincurchin\n|-damage|p1a: Pincurchin|0 fnt\n|faint|p1a: Pincurchin\n|\n|win|Jesucrit0\n|raw|Worst Mon Ever's rating: 1062 &rarr; <strong>1044</strong><br />(-18 for losing)\n|raw|Jesucrit0's rating: 1078 &rarr; <strong>1105</strong><br />(+27 for winning)\n|l|\u203dWorst Mon Ever\n|player|p1|\n|l|\u2606Jesucrit0\n|player|p2|\n", "uploadtime": 1746050192, "views": 11, "formatid": "gen9vgc2025regibo3", "rating": 1044, "private": 0, "password": null}