{"id": "gen9vgc2025regibo3-2354552167", "format": "[Gen 9] VGC 2025 Reg I (Bo3)", "players": ["ScaryQwQ", "davidluki"], "log": "|j|\u2606ScaryQwQ\n|j|\u2606davidluki\n|html|<table width=\"100%\"><tr><td align=\"left\">ScaryQwQ</td><td align=\"right\">davidluki</tr><tr><td align=\"left\"><i class=\"fa fa-circle-o\"></i> <i class=\"fa fa-circle-o\"></i> </td><td align=\"right\"><i class=\"fa fa-circle-o\"></i> <i class=\"fa fa-circle\"></i> </tr></table>\n|uhtml|bestof|<h2><strong>Game 2</strong> of <a href=\"/game-bestof3-gen9vgc2025regibo3-2354550324\">a best-of-3</a></h2>\n|t:|1746093010\n|gametype|doubles\n|player|p1|ScaryQwQ|argenta|1237\n|player|p2|davidluki|101|1137\n|teamsize|p1|6\n|teamsize|p2|6\n|gen|9\n|tier|[Gen 9] VGC 2025 Reg I (Bo3)\n|rated|\n|rule|Species Clause: Limit one of each Pok\u00e9mon\n|rule|Item Clause: Limit 1 of each item\n|clearpoke\n|poke|p1|Zacian-*, L50|\n|poke|p1|Calyrex-Shadow, L50|\n|poke|p1|Regidrago, L50|\n|poke|p1|Whimsicott, L50, F|\n|poke|p1|Ogerpon, L50, F|\n|poke|p1|Araquanid, L50, F|\n|poke|p2|Zacian-*, L50|\n|poke|p2|Kyogre, L50|\n|poke|p2|Tornadus, L50, M|\n|poke|p2|Amoonguss, L50, F|\n|poke|p2|Incineroar, L50, M|\n|poke|p2|Urshifu-*, L50, M|\n|teampreview|4\n|showteam|p1|Zacian-Crowned||RustedSword|IntrepidSword|behemothblade,PlayRough,SacredSword,Protect||||||50|,,,,,Dragon]Calyrex-Shadow||FocusSash|AsOneSpectrier|AstralBarrage,Psychic,Disable,Protect||||||50|,,,,,Ghost]Regidrago||LifeOrb|DragonsMaw|DragonEnergy,DracoMeteor,TeraBlast,Protect||||||50|,,,,,Ghost]Whimsicott||CovertCloak|Prankster|Moonblast,Tailwind,Encore,CottonSpore|||F|||50|,,,,,Dark]Ogerpon||LoadedDice|Defiant|BulletSeed,Taunt,FollowMe,SpikyShield|||F|||50|,,,,,Grass]Araquanid||SafetyGoggles|WaterBubble|Liquidation,Infestation,WideGuard,Protect|||F|||50|,,,,,Water\n|showteam|p2|Zacian-Crowned||RustedSword|IntrepidSword|behemothblade,PlayRough,Substitute,Protect||||||50|,,,,,Fairy]Kyogre||MysticWater|Drizzle|WaterSpout,OriginPulse,IceBeam,Protect||||||50|,,,,,Grass]Tornadus||CovertCloak|Prankster|BleakwindStorm,Tailwind,RainDance,Taunt|||M|||50|,,,,,Dark]Amoonguss||RockyHelmet|Regenerator|PollenPuff,Spore,RagePowder,Protect|||F|||50|,,,,,Steel]Incineroar||SafetyGoggles|Intimidate|KnockOff,FakeOut,WillOWisp,PartingShot|||M|||50|,,,,,Water]Urshifu-Rapid-Strike||ChoiceScarf|UnseenFist|SurgingStrikes,CloseCombat,Uturn,Coaching|||M|||50|,,,,,Ghost\n|\n|t:|1746093023\n|start\n|switch|p1a: Ogerpon|Ogerpon, L50, F|100/100\n|switch|p1b: Araquanid|Araquanid, L50, F|100/100\n|switch|p2a: Urshifu|Urshifu-Rapid-Strike, L50, M|100/100\n|switch|p2b: Kyogre|Kyogre, L50|100/100\n|-weather|RainDance|[from] ability: Drizzle|[of] p2b: Kyogre\n|turn|1\n|inactive|Battle timer is ON: inactive players will automatically lose when time's up. (requested by davidluki)\n|\n|t:|1746093042\n|switch|p2b: Zacian|Zacian-Crowned, L50|100/100\n|-ability|p2b: Zacian|Intrepid Sword|boost\n|-boost|p2b: Zacian|atk|1\n|-terastallize|p1a: Ogerpon|Grass\n|detailschange|p1a: Ogerpon|Ogerpon-Teal-Tera, L50, F, tera:Grass\n|-ability|p1a: Ogerpon|Embody Aspect (Teal)|boost\n|-boost|p1a: Ogerpon|spe|1\n|move|p1a: Ogerpon|Bullet Seed|p2a: Urshifu\n|-supereffective|p2a: Urshifu\n|-damage|p2a: Urshifu|66/100\n|-supereffective|p2a: Urshifu\n|-damage|p2a: Urshifu|30/100\n|-supereffective|p2a: Urshifu\n|-damage|p2a: Urshifu|0 fnt\n|faint|p2a: Urshifu\n|-hitcount|p2: Urshifu|3\n|move|p1b: Araquanid|Liquidation|p2b: Zacian\n|-damage|p2b: Zacian|49/100\n|\n|-weather|RainDance|[upkeep]\n|upkeep\n|\n|t:|1746093051\n|switch|p2a: Incineroar|Incineroar, L50, M|100/100\n|-ability|p2a: Incineroar|Intimidate|boost\n|-unboost|p1a: Ogerpon|atk|1\n|-unboost|p1b: Araquanid|atk|1\n|turn|2\n|\n|t:|1746093070\n|move|p1a: Ogerpon|Spiky Shield|p1a: Ogerpon\n|-singleturn|p1a: Ogerpon|move: Protect\n|move|p1b: Araquanid|Protect|p1b: Araquanid\n|-singleturn|p1b: Araquanid|Protect\n|move|p2b: Zacian|Substitute|p2b: Zacian\n|-start|p2b: Zacian|Substitute\n|-damage|p2b: Zacian|24/100\n|move|p2a: Incineroar|Parting Shot|p1a: Ogerpon\n|-activate|p1a: Ogerpon|move: Protect\n|\n|-weather|RainDance|[upkeep]\n|upkeep\n|turn|3\n|\n|t:|1746093085\n|-terastallize|p2a: Incineroar|Water\n|move|p2b: Zacian|Protect|p2b: Zacian\n|-singleturn|p2b: Zacian|Protect\n|move|p1a: Ogerpon|Taunt|p2a: Incineroar\n|-start|p2a: Incineroar|move: Taunt\n|cant|p2a: Incineroar|move: Taunt|Will-O-Wisp\n|move|p1b: Araquanid|Liquidation|p2a: Incineroar\n|-resisted|p2a: Incineroar\n|-damage|p2a: Incineroar|81/100\n|\n|-weather|RainDance|[upkeep]\n|upkeep\n|turn|4\n|-message|davidluki forfeited.\n|\n|win|ScaryQwQ\n|l|\u2606davidluki\n|player|p2|\n||ScaryQwQ is ready for game 3.\n|raw|ScaryQwQ's rating: 1237 &rarr; <strong>1255</strong><br />(+18 for winning)\n|raw|davidluki's rating: 1137 &rarr; <strong>1119</strong><br />(-18 for losing)\n|l|\u2606ScaryQwQ\n|player|p1|\n", "uploadtime": 1746093472, "views": 12, "formatid": "gen9vgc2025regibo3", "rating": 1119, "private": 0, "password": null}