{"id": "gen9vgc2025regibo3-2353731895", "format": "[Gen 9] VGC 2025 Reg I (Bo3)", "players": ["tonycity1", "stan13"], "log": "|j|\u2606tonycity1\n|j|\u2606stan13\n|html|<table width=\"100%\"><tr><td align=\"left\">tonycity1</td><td align=\"right\">stan13</tr><tr><td align=\"left\"><i class=\"fa fa-circle-o\"></i> <i class=\"fa fa-circle-o\"></i> </td><td align=\"right\"><i class=\"fa fa-circle-o\"></i> <i class=\"fa fa-circle-o\"></i> </tr></table>\n|uhtml|bestof|<h2><strong>Game 1</strong> of <a href=\"/game-bestof3-gen9vgc2025regibo3-2353731894\">a best-of-3</a></h2>\n|t:|1745990353\n|gametype|doubles\n|player|p1|tonycity1|lucas|1060\n|player|p2|stan13|102|1079\n|teamsize|p1|6\n|teamsize|p2|6\n|gen|9\n|tier|[Gen 9] VGC 2025 Reg I (Bo3)\n|rated|\n|rule|Species Clause: Limit one of each Pok\u00e9mon\n|rule|Item Clause: Limit 1 of each item\n|clearpoke\n|poke|p1|Koraidon, L50|\n|poke|p1|Lilligant-Hisui, L50, F|\n|poke|p1|Flutter Mane, L50|\n|poke|p1|Ho-Oh, L50|\n|poke|p1|Heatran, L50, M|\n|poke|p1|Ogerpon-Cornerstone, L50, F|\n|poke|p2|Calyrex-Shadow, L50|\n|poke|p2|Koraidon, L50|\n|poke|p2|Whimsicott, L50, F|\n|poke|p2|Clefairy, L50, F|\n|poke|p2|Walking Wake, L50|\n|poke|p2|Chien-Pao, L50|\n|teampreview|4\n|showteam|p1|Koraidon||LifeOrb|OrichalcumPulse|CollisionCourse,FlareBlitz,Uturn,Protect||||||50|,,,,,Fire]Lilligant-Hisui||FocusSash|Chlorophyll|CloseCombat,SolarBlade,AfterYou,Coaching|||F|||50|,,,,,Grass]Flutter Mane||ChoiceSpecs|Protosynthesis|DazzlingGleam,ShadowBall,Moonblast,MysticalFire||||||50|,,,,,Fire]Ho-Oh||Leftovers|Regenerator|LifeDew,Tailwind,Whirlwind,SacredFire||||||50|,,,,,Fire]Heatran||Charcoal|FlashFire|Protect,Taunt,HeatWave,SolarBeam|||M|||50|,,,,,Grass]Ogerpon-Cornerstone||CornerstoneMask|Sturdy|IvyCudgel,HornLeech,SpikyShield,FollowMe|||F|||50|,,,,,Rock\n|showteam|p2|Calyrex-Shadow||SpellTag|AsOneSpectrier|Protect,AstralBarrage,Psychic,NastyPlot||||||50|,,,,,Water]Koraidon||LifeOrb|OrichalcumPulse|Protect,CloseCombat,FlareBlitz,FlameCharge||||||50|,,,,,Fire]Whimsicott||CovertCloak|Prankster|Moonblast,Tailwind,CottonSpore,LightScreen|||F|||50|,,,,,Dark]Clefairy||Eviolite|FriendGuard|Protect,FollowMe,AfterYou,HelpingHand|||F|||50|,,,,,Ground]Walking Wake||AssaultVest|Protosynthesis|HydroSteam,Flamethrower,Snarl,DracoMeteor||||||50|,,,,,Fire]Chien-Pao||FocusSash|SwordofRuin|Protect,IceSpinner,ThroatChop,SuckerPunch||||||50|,,,,,Stellar\n|inactive|Battle timer is ON: inactive players will automatically lose when time's up. (requested by tonycity1)\n|inactive|tonycity1 has 60 seconds left.\n|inactive|stan13 has 60 seconds left.\n|inactive|stan13 has 30 seconds left.\n|inactive|stan13 has 20 seconds left.\n|inactive|stan13 has 15 seconds left.\n|inactive|stan13 has 10 seconds left.\n|inactive|stan13 has 5 seconds left.\n|\n|t:|1745990441\n|start\n|switch|p1a: Flutter Mane|Flutter Mane, L50|100/100\n|switch|p1b: Koraidon|Koraidon, L50|100/100\n|switch|p2a: Whimsicott|Whimsicott, L50, F|100/100\n|switch|p2b: Walking Wake|Walking Wake, L50|100/100\n|-weather|SunnyDay|[from] ability: Orichalcum Pulse|[of] p1b: Koraidon\n|-activate|p1a: Flutter Mane|ability: Protosynthesis\n|-start|p1a: Flutter Mane|protosynthesisspe\n|-activate|p2b: Walking Wake|ability: Protosynthesis\n|-start|p2b: Walking Wake|protosynthesisspe\n|-activate|p1b: Koraidon|Orichalcum Pulse|[source]\n|turn|1\n|inactive|tonycity1 has 30 seconds left.\n|inactive|stan13 has 30 seconds left.\n|\n|t:|1745990474\n|move|p1b: Koraidon|Protect|p1b: Koraidon\n|-singleturn|p1b: Koraidon|Protect\n|move|p2a: Whimsicott|Tailwind|p2a: Whimsicott\n|-sidestart|p2: stan13|move: Tailwind\n|move|p2b: Walking Wake|Draco Meteor|p1b: Koraidon\n|-activate|p1b: Koraidon|move: Protect\n|move|p1a: Flutter Mane|Moonblast|p2b: Walking Wake\n|-supereffective|p2b: Walking Wake\n|-damage|p2b: Walking Wake|0 fnt\n|faint|p2b: Walking Wake\n|-end|p2b: Walking Wake|Protosynthesis|[silent]\n|\n|-weather|SunnyDay|[upkeep]\n|upkeep\n|\n|t:|1745990497\n|switch|p2b: Calyrex|Calyrex-Shadow, L50|100/100\n|-ability|p2b: Calyrex|As One\n|-ability|p2b: Calyrex|Unnerve\n|turn|2\n|inactive|tonycity1 has 30 seconds left.\n|inactive|stan13 has 30 seconds left.\n|inactive|tonycity1 has 20 seconds left.\n|inactive|stan13 has 20 seconds left.\n|inactive|stan13 has 15 seconds left.\n|inactive|stan13 has 10 seconds left.\n|\n|t:|1745990546\n|-terastallize|p2b: Calyrex|Water\n|-terastallize|p1b: Koraidon|Fire\n|move|p2b: Calyrex|Astral Barrage|p1b: Koraidon|[spread] p1a,p1b\n|-supereffective|p1a: Flutter Mane\n|-damage|p1a: Flutter Mane|4/100\n|-damage|p1b: Koraidon|45/100\n|move|p2a: Whimsicott|Moonblast|p1a: Flutter Mane\n|-damage|p1a: Flutter Mane|0 fnt\n|faint|p1a: Flutter Mane\n|-end|p1a: Flutter Mane|Protosynthesis|[silent]\n|move|p1b: Koraidon|Flare Blitz|p2b: Calyrex\n|-resisted|p2b: Calyrex\n|-crit|p2b: Calyrex\n|-damage|p2b: Calyrex|0 fnt\n|faint|p2b: Calyrex\n|-damage|p1b: Koraidon|9/100|[from] Recoil\n|-damage|p1b: Koraidon|0 fnt|[from] item: Life Orb\n|faint|p1b: Koraidon\n|\n|-weather|SunnyDay|[upkeep]\n|upkeep\n|inactive|tonycity1 has 30 seconds left.\n|\n|t:|1745990573\n|switch|p2b: Koraidon|Koraidon, L50|100/100\n|switch|p1a: Ho-Oh|Ho-Oh, L50|100/100\n|switch|p1b: Lilligant|Lilligant-Hisui, L50, F, shiny|100/100\n|-activate|p2b: Koraidon|ability: Orichalcum Pulse\n|turn|3\n|inactive|stan13 has 30 seconds left.\n|inactive|stan13 has 20 seconds left.\n|inactive|stan13 has 15 seconds left.\n|inactive|stan13 has 10 seconds left.\n|\n|t:|1745990618\n|move|p2a: Whimsicott|Cotton Spore|p1b: Lilligant|[spread] p1a\n|-immune|p1b: Lilligant\n|-unboost|p1a: Ho-Oh|spe|2\n|move|p2b: Koraidon|Flare Blitz|p1a: Ho-Oh\n|-resisted|p1a: Ho-Oh\n|-damage|p1a: Ho-Oh|47/100\n|-damage|p2b: Koraidon|80/100|[from] Recoil\n|-damage|p2b: Koraidon|71/100|[from] item: Life Orb\n|move|p1b: Lilligant|Solar Blade||[still]\n|-prepare|p1b: Lilligant|Solar Blade\n|-anim|p1b: Lilligant|Solar Blade|p2b: Koraidon\n|-resisted|p2b: Koraidon\n|-damage|p2b: Koraidon|42/100\n|move|p1a: Ho-Oh|Sacred Fire|p2b: Koraidon\n|-resisted|p2b: Koraidon\n|-damage|p2b: Koraidon|14/100\n|\n|-weather|SunnyDay|[upkeep]\n|-heal|p1a: Ho-Oh|52/100|[from] item: Leftovers\n|upkeep\n|turn|4\n|inactive|tonycity1 has 30 seconds left.\n|inactive|stan13 has 30 seconds left.\n|inactive|stan13 has 20 seconds left.\n|-message|tonycity1 forfeited.\n|\n|win|stan13\n|l|\u2606tonycity1\n|player|p1|\n||stan13 is ready for game 2.\n|inactive|tonycity1 has 30 seconds to confirm battle start!\n|inactive|tonycity1 has 20 seconds to confirm battle start!\n|inactive|tonycity1 has 10 seconds to confirm battle start!\n|uhtml|next|Next: <a href=\"/battle-gen9vgc2025regibo3-2353733970\"><strong>Game 2 of 3</strong></a>\n", "uploadtime": 1745991031, "views": 22, "formatid": "gen9vgc2025regibo3", "rating": null, "private": 0, "password": null}