{"id": "gen9vgc2025regibo3-2354608148", "format": "[Gen 9] VGC 2025 Reg I (Bo3)", "players": ["Jean CHASUBLE 1", "Romeria VGC"], "log": "|j|\u2606Jean CHASUBLE 1\n|j|\u2606Romeria VGC\n|html|<table width=\"100%\"><tr><td align=\"left\">Jean CHASUBLE 1</td><td align=\"right\">Romeria VGC</tr><tr><td align=\"left\"><i class=\"fa fa-circle\"></i> <i class=\"fa fa-circle-o\"></i> </td><td align=\"right\"><i class=\"fa fa-circle-o\"></i> <i class=\"fa fa-circle\"></i> </tr></table>\n|uhtml|bestof|<h2><strong>Game 3</strong> of <a href=\"/game-bestof3-gen9vgc2025regibo3-2354605214\">a best-of-3</a></h2>\n|t:|1746102199\n|gametype|doubles\n|player|p1|Jean CHASUBLE 1|cheren-gen5bw2|1203\n|player|p2|Romeria VGC|rosa|1272\n|teamsize|p1|6\n|teamsize|p2|6\n|gen|9\n|tier|[Gen 9] VGC 2025 Reg I (Bo3)\n|rated|\n|rule|Species Clause: Limit one of each Pok\u00e9mon\n|rule|Item Clause: Limit 1 of each item\n|clearpoke\n|poke|p1|Kyogre, L50|\n|poke|p1|Zacian-*, L50|\n|poke|p1|Tornadus, L50, M|\n|poke|p1|Landorus, L50, M|\n|poke|p1|Amoonguss, L50, F|\n|poke|p1|Urshifu-*, L50, M|\n|poke|p2|Calyrex-Shadow, L50|\n|poke|p2|Koraidon, L50|\n|poke|p2|Raging Bolt, L50|\n|poke|p2|Flutter Mane, L50|\n|poke|p2|Incineroar, L50, M|\n|poke|p2|Ogerpon-Cornerstone, L50, F|\n|teampreview|4\n|showteam|p1|Kyogre||AssaultVest|Drizzle|Thunder,WaterSpout,IceBeam,HydroPump||||||50|,,,,,Grass]Zacian-Crowned||RustedSword|IntrepidSword|Protect,PlayRough,behemothblade,SacredSword||||||50|,,,,,Fairy]Tornadus||CovertCloak|Prankster|Tailwind,Taunt,BleakwindStorm,RainDance|||M|||50|,,,,,Dark]Landorus||LifeOrb|SheerForce|EarthPower,SandsearStorm,SludgeBomb,Protect|||M|||50|,,,,,Poison]Amoonguss||RockyHelmet|Regenerator|Spore,PollenPuff,Protect,RagePowder|||F|||50|,,,,,Water]Urshifu-Rapid-Strike||ChoiceScarf|UnseenFist|SurgingStrikes,Uturn,AquaJet,CloseCombat|||M|||50|,,,,,Water\n|showteam|p2|Calyrex-Shadow||FocusSash|AsOneSpectrier|AstralBarrage,Psychic,NastyPlot,Protect||||||50|,,,,,Ghost]Koraidon||ClearAmulet|OrichalcumPulse|CloseCombat,FlameCharge,FlareBlitz,Protect||||||50|,,,,,Fire]Raging Bolt||AssaultVest|Protosynthesis|Thunderbolt,Thunderclap,Electroweb,DracoMeteor||||||50|,,,,,Electric]Flutter Mane||BoosterEnergy|Protosynthesis|Moonblast,IcyWind,Protect,ShadowBall||||||50|,,,,,Fairy]Incineroar||RockyHelmet|Intimidate|FakeOut,PartingShot,KnockOff,Taunt|||M|||50|,,,,,Ghost]Ogerpon-Cornerstone||CornerstoneMask|Sturdy|IvyCudgel,PowerWhip,FollowMe,SpikyShield|||F|||50|,,,,,Rock\n|inactive|Battle timer is ON: inactive players will automatically lose when time's up. (requested by Romeria VGC)\n|\n|t:|1746102223\n|start\n|switch|p1a: Kyogre|Kyogre, L50|100/100\n|switch|p1b: Landorus|Landorus, L50, M|100/100\n|switch|p2a: Calyrex|Calyrex-Shadow, L50|100/100\n|switch|p2b: Ogerpon|Ogerpon-Cornerstone, L50, F|100/100\n|-ability|p2a: Calyrex|As One\n|-ability|p2a: Calyrex|Unnerve\n|-weather|RainDance|[from] ability: Drizzle|[of] p1a: Kyogre\n|turn|1\n|\n|t:|1746102245\n|-terastallize|p2a: Calyrex|Ghost\n|-terastallize|p1a: Kyogre|Grass\n|move|p2a: Calyrex|Astral Barrage|p1a: Kyogre|[spread] p1a,p1b\n|-damage|p1a: Kyogre|68/100\n|-damage|p1b: Landorus|0 fnt\n|faint|p1b: Landorus\n|-ability|p2a: Calyrex|Grim Neigh|boost\n|-boost|p2a: Calyrex|spa|1\n|move|p2b: Ogerpon|Ivy Cudgel|p1a: Kyogre|[anim] Ivy Cudgel Rock\n|-damage|p1a: Kyogre|10/100\n|move|p1a: Kyogre|Ice Beam|p2a: Calyrex\n|-damage|p2a: Calyrex|63/100\n|\n|-weather|RainDance|[upkeep]\n|upkeep\n|\n|t:|1746102260\n|switch|p1b: Tornadus|Tornadus, L50, M|100/100\n|turn|2\n|\n|t:|1746102276\n|move|p2a: Calyrex|Protect|p2a: Calyrex\n|-singleturn|p2a: Calyrex|Protect\n|move|p1b: Tornadus|Tailwind|p1b: Tornadus\n|-sidestart|p1: Jean CHASUBLE 1|move: Tailwind\n|move|p1a: Kyogre|Hydro Pump|p2b: Ogerpon\n|-ability|p2b: Ogerpon|Sturdy\n|-damage|p2b: Ogerpon|1/100\n|move|p2b: Ogerpon|Ivy Cudgel|p1a: Kyogre|[anim] Ivy Cudgel Rock\n|-damage|p1a: Kyogre|0 fnt\n|faint|p1a: Kyogre\n|\n|-weather|RainDance|[upkeep]\n|upkeep\n|\n|t:|1746102288\n|switch|p1a: Urshifu|Urshifu-Rapid-Strike, L50, M|100/100\n|turn|3\n|inactive|Jean CHASUBLE 1 has 30 seconds left.\n|\n|t:|1746102316\n|move|p2b: Ogerpon|Follow Me|p2b: Ogerpon\n|-singleturn|p2b: Ogerpon|move: Follow Me\n|move|p1a: Urshifu|Close Combat|p2b: Ogerpon\n|-supereffective|p2b: Ogerpon\n|-damage|p2b: Ogerpon|0 fnt\n|-unboost|p1a: Urshifu|def|1\n|-unboost|p1a: Urshifu|spd|1\n|faint|p2b: Ogerpon\n|move|p1b: Tornadus|Bleakwind Storm|p2a: Calyrex\n|-crit|p2a: Calyrex\n|-damage|p2a: Calyrex|2/100\n|move|p2a: Calyrex|Astral Barrage|p1b: Tornadus|[spread] p1a,p1b\n|-damage|p1a: Urshifu|0 fnt\n|-damage|p1b: Tornadus|0 fnt\n|faint|p1a: Urshifu\n|faint|p1b: Tornadus\n|\n|win|Romeria VGC\n|raw|Jean CHASUBLE 1's rating: 1203 &rarr; <strong>1183</strong><br />(-20 for losing)\n|raw|Romeria VGC's rating: 1272 &rarr; <strong>1292</strong><br />(+20 for winning)\n", "uploadtime": 1746102335, "views": 10, "formatid": "gen9vgc2025regibo3", "rating": 1183, "private": 0, "password": null}