{"id": "gen9vgc2025regibo3-2353964174", "format": "[Gen 9] VGC 2025 Reg I (Bo3)", "players": ["Poolpgasp", "Inkin"], "log": "|j|\u2606Poolpgasp\n|j|\u2606Inkin\n|html|<table width=\"100%\"><tr><td align=\"left\">Poolpgasp</td><td align=\"right\">Inkin</tr><tr><td align=\"left\"><i class=\"fa fa-circle-o\"></i> <i class=\"fa fa-circle-o\"></i> </td><td align=\"right\"><i class=\"fa fa-circle-o\"></i> <i class=\"fa fa-circle-o\"></i> </tr></table>\n|uhtml|bestof|<h2><strong>Game 1</strong> of <a href=\"/game-bestof3-gen9vgc2025regibo3-2353964172\">a best-of-3</a></h2>\n|t:|1746023152\n|gametype|doubles\n|player|p1|Poolpgasp|169|1332\n|player|p2|Inkin|shadowtriad|1307\n|teamsize|p1|6\n|teamsize|p2|6\n|gen|9\n|tier|[Gen 9] VGC 2025 Reg I (Bo3)\n|rated|\n|rule|Species Clause: Limit one of each Pok\u00e9mon\n|rule|Item Clause: Limit 1 of each item\n|clearpoke\n|poke|p1|Miraidon, L50|\n|poke|p1|Calyrex-Shadow, L50|\n|poke|p1|Whimsicott, L50, F|\n|poke|p1|Ogerpon-Hearthflame, L50, F|\n|poke|p1|Urshifu-*, L50, F|\n|poke|p1|Iron Hands, L50|\n|poke|p2|Koraidon, L50|\n|poke|p2|Lunala, L50|\n|poke|p2|Flutter Mane, L50|\n|poke|p2|Chi-Yu, L50|\n|poke|p2|Brute Bonnet, L50|\n|poke|p2|Great Tusk, L50|\n|teampreview|4\n|showteam|p1|Miraidon||ChoiceSpecs|HadronEngine|ElectroDrift,VoltSwitch,DragonPulse,Overheat||||||50|,,,,,Fire]Calyrex-Shadow||LifeOrb|AsOneSpectrier|NastyPlot,AstralBarrage,Psychic,Protect||||||50|,,,,,Dark]Whimsicott||CovertCloak|Prankster|Tailwind,LightScreen,Encore,Moonblast|||F|||50|,,,,,Dark]Ogerpon-Hearthflame||HearthflameMask|MoldBreaker|IvyCudgel,FollowMe,SpikyShield,FocusEnergy|||F|||50|,,,,,Fire]Urshifu-Rapid-Strike||ChoiceScarf|UnseenFist|SurgingStrikes,CloseCombat,Coaching,AquaJet|||F|||50|,,,,,Water]Iron Hands||AssaultVest|QuarkDrive|LowKick,HeavySlam,FakeOut,DrainPunch||||||50|,,,,,Water\n|showteam|p2|Koraidon||LifeOrb|OrichalcumPulse|CloseCombat,FlareBlitz,FlameCharge,Protect||||||50|,,,,,Fire]Lunala||PowerHerb|ShadowShield|MeteorBeam,MoongeistBeam,TrickRoom,WideGuard||||||50|,,,,,Grass]Flutter Mane||FocusSash|Protosynthesis|IcyWind,Moonblast,ShadowBall,Protect||||||50|,,,,,Normal]Chi-Yu||ChoiceScarf|BeadsofRuin|HeatWave,Overheat,DarkPulse,Snarl||||||50|,,,,,Ghost]Brute Bonnet||RockyHelmet|Protosynthesis|Spore,RagePowder,SuckerPunch,SeedBomb||||||50|,,,,,Water]Great Tusk||ClearAmulet|Protosynthesis|BodyPress,HeadlongRush,IceSpinner,Protect||||||50|,,,,,Steel\n|inactive|Battle timer is ON: inactive players will automatically lose when time's up. (requested by Poolpgasp)\n|inactive|Poolpgasp has 60 seconds left.\n|inactive|Inkin has 60 seconds left.\n|\n|t:|1746023202\n|start\n|switch|p1a: Ogerpon|Ogerpon-Hearthflame, L50, F|100/100\n|switch|p1b: Calyrex|Calyrex-Shadow, L50|100/100\n|switch|p2a: Lunala|Lunala, L50|100/100\n|switch|p2b: Brute Bonnet|Brute Bonnet, L50|100/100\n|-ability|p1b: Calyrex|As One\n|-ability|p1b: Calyrex|Unnerve\n|-ability|p1a: Ogerpon|Mold Breaker\n|turn|1\n|inactive|Poolpgasp has 30 seconds left.\n|inactive|Inkin has 30 seconds left.\n|inactive|Inkin has 20 seconds left.\n|inactive|Inkin has 15 seconds left.\n|inactive|Inkin has 10 seconds left.\n|inactive|Inkin has 5 seconds left.\n|\n|t:|1746023253\n|move|p1b: Calyrex|Astral Barrage|p2a: Lunala|[spread] p2a,p2b\n|-supereffective|p2a: Lunala\n|-resisted|p2b: Brute Bonnet\n|-damage|p2a: Lunala|4/100\n|-damage|p2b: Brute Bonnet|75/100\n|-damage|p1b: Calyrex|91/100|[from] item: Life Orb\n|move|p1a: Ogerpon|Ivy Cudgel|p2b: Brute Bonnet|[anim] Ivy Cudgel Fire\n|-supereffective|p2b: Brute Bonnet\n|-damage|p2b: Brute Bonnet|0 fnt\n|faint|p2b: Brute Bonnet\n|-end|p2b: Brute Bonnet|Protosynthesis|[silent]\n|move|p2a: Lunala|Trick Room|p2a: Lunala\n|-fieldstart|move: Trick Room|[of] p2a: Lunala\n|\n|upkeep\n|\n|t:|1746023263\n|switch|p2b: Great Tusk|Great Tusk, L50|100/100\n|turn|2\n|inactive|Inkin has 30 seconds left.\n|inactive|Inkin has 20 seconds left.\n|\n|t:|1746023299\n|move|p1a: Ogerpon|Spiky Shield|p1a: Ogerpon\n|-singleturn|p1a: Ogerpon|move: Protect\n|move|p1b: Calyrex|Protect|p1b: Calyrex\n|-singleturn|p1b: Calyrex|Protect\n|move|p2b: Great Tusk|Headlong Rush|p1a: Ogerpon\n|-activate|p1a: Ogerpon|move: Protect\n|-damage|p2b: Great Tusk|88/100|[from] Spiky Shield|[of] p1a: Ogerpon\n|move|p2a: Lunala|Moongeist Beam|p1b: Calyrex\n|-activate|p1b: Calyrex|move: Protect\n|\n|upkeep\n|turn|3\n|inactive|Poolpgasp has 30 seconds left.\n|\n|t:|1746023333\n|-terastallize|p1b: Calyrex|Dark\n|move|p2a: Lunala|Wide Guard|p2a: Lunala\n|-singleturn|p2a: Lunala|Wide Guard\n|move|p1a: Ogerpon|Follow Me|p1a: Ogerpon\n|-singleturn|p1a: Ogerpon|move: Follow Me\n|move|p2b: Great Tusk|Headlong Rush|p1a: Ogerpon\n|-damage|p1a: Ogerpon|47/100\n|-unboost|p2b: Great Tusk|def|1\n|-unboost|p2b: Great Tusk|spd|1\n|move|p1b: Calyrex|Astral Barrage|p2a: Lunala|[spread] \n|-activate|p2a: Lunala|move: Wide Guard\n|-activate|p2b: Great Tusk|move: Wide Guard\n|\n|upkeep\n|turn|4\n|\n|t:|1746023358\n|move|p1a: Ogerpon|Follow Me|p1a: Ogerpon\n|-singleturn|p1a: Ogerpon|move: Follow Me\n|move|p2b: Great Tusk|Body Press|p1a: Ogerpon\n|-damage|p1a: Ogerpon|13/100\n|move|p2a: Lunala|Meteor Beam||[still]\n|-prepare|p2a: Lunala|Meteor Beam\n|-boost|p2a: Lunala|spa|1\n|-enditem|p2a: Lunala|Power Herb\n|-anim|p2a: Lunala|Meteor Beam|p1a: Ogerpon|[miss]\n|-miss|p2a: Lunala|p1a: Ogerpon\n|move|p1b: Calyrex|Astral Barrage|p2b: Great Tusk|[spread] p2a,p2b\n|-supereffective|p2a: Lunala\n|-damage|p2a: Lunala|0 fnt\n|-damage|p2b: Great Tusk|0 fnt\n|faint|p2a: Lunala\n|faint|p2b: Great Tusk\n|-end|p2b: Great Tusk|Protosynthesis|[silent]\n|-ability|p1b: Calyrex|Grim Neigh|boost\n|-boost|p1b: Calyrex|spa|2\n|-damage|p1b: Calyrex|81/100|[from] item: Life Orb\n|\n|upkeep\n|\n|t:|1746023364\n|switch|p2b: Koraidon|Koraidon, L50|100/100\n|-weather|SunnyDay|[from] ability: Orichalcum Pulse|[of] p2b: Koraidon\n|-activate|p2b: Koraidon|Orichalcum Pulse|[source]\n|turn|5\n|-message|Inkin forfeited.\n|\n|win|Poolpgasp\n|l|\u2606Inkin\n|player|p2|\n||Inkin is ready for game 2.\n||Poolpgasp is ready for game 2.\n|uhtml|next|Next: <a href=\"/battle-gen9vgc2025regibo3-2353966615\"><strong>Game 2 of 3</strong></a>\n", "uploadtime": 1746023508, "views": 23, "formatid": "gen9vgc2025regibo3", "rating": null, "private": 0, "password": null}