{"id": "gen9vgc2025regibo3-2354162344", "format": "[Gen 9] VGC 2025 Reg I (Bo3)", "players": ["itina99", "Ryugami0"], "log": "|j|\u2606itina99\n|j|\u2606Ryugami0\n|html|<table width=\"100%\"><tr><td align=\"left\">itina99</td><td align=\"right\">Ryugami0</tr><tr><td align=\"left\"><i class=\"fa fa-circle-o\"></i> <i class=\"fa fa-circle-o\"></i> </td><td align=\"right\"><i class=\"fa fa-circle-o\"></i> <i class=\"fa fa-circle-o\"></i> </tr></table>\n|uhtml|bestof|<h2><strong>Game 1</strong> of <a href=\"/game-bestof3-gen9vgc2025regibo3-2354162343\">a best-of-3</a></h2>\n|t:|1746040314\n|gametype|doubles\n|player|p1|itina99|n|\n|player|p2|Ryugami0|102|\n|teamsize|p1|6\n|teamsize|p2|6\n|gen|9\n|tier|[Gen 9] VGC 2025 Reg I (Bo3)\n|rule|Species Clause: Limit one of each Pok\u00e9mon\n|rule|Item Clause: Limit 1 of each item\n|clearpoke\n|poke|p1|Miraidon, L50|\n|poke|p1|Ho-Oh, L50|\n|poke|p1|Farigiraf, L50, F|\n|poke|p1|Iron Hands, L50|\n|poke|p1|Iron Treads, L50|\n|poke|p1|Grimmsnarl, L50, M|\n|poke|p2|Zacian-*, L50|\n|poke|p2|Kyogre, L50|\n|poke|p2|Urshifu-*, L50, F|\n|poke|p2|Tornadus, L50, M|\n|poke|p2|Chien-Pao, L50|\n|poke|p2|Amoonguss, L50, F|\n|teampreview|4\n|showteam|p1|Miraidon||LifeOrb|HadronEngine|ElectroDrift,VoltSwitch,DracoMeteor,Protect||||||50|,,,,,Electric]Ho-Oh||ClearAmulet|Regenerator|SacredFire,BraveBird,Tailwind,Protect||||||50|,,,,,Grass]Farigiraf||ElectricSeed|ArmorTail|PsychicNoise,FoulPlay,HelpingHand,TrickRoom|||F|||50|,,,,,Water]Iron Hands||AssaultVest|QuarkDrive|FakeOut,WildCharge,VoltSwitch,DrainPunch||||||50|,,,,,Bug]Iron Treads||ChoiceBand|QuarkDrive|Earthquake,HighHorsepower,IronHead,KnockOff||||||50|,,,,,Stellar]Grimmsnarl||LightClay|Prankster|PartingShot,Reflect,LightScreen,SpiritBreak|||M|||50|,,,,,Ghost\n|showteam|p2|Zacian-Crowned||RustedSword|IntrepidSword|behemothblade,PlayRough,SacredSword,Protect||||||50|,,,,,Fairy]Kyogre||MysticWater|Drizzle|WaterSpout,OriginPulse,IceBeam,Protect||||||50|,,,,,Grass]Urshifu-Rapid-Strike||ChoiceScarf|UnseenFist|SurgingStrikes,CloseCombat,AquaJet,Uturn|||F|||50|,,,,,Ghost]Tornadus||CovertCloak|Prankster|BleakwindStorm,Tailwind,Taunt,RainDance|||M|||50|,,,,,Dark]Chien-Pao||FocusSash|SwordofRuin|IceSpinner,ThroatChop,SuckerPunch,Protect||||||50|,,,,,Ghost]Amoonguss||RockyHelmet|Regenerator|SludgeBomb,Spore,RagePowder,Protect|||F|||50|,,,,,Steel\n|c|\u2606itina99|glhf\n|inactive|Battle timer is ON: inactive players will automatically lose when time's up. (requested by itina99)\n|c|\u2606Ryugami0|glhf\n|inactive|itina99 has 60 seconds left.\n|inactive|itina99 has 30 seconds left.\n|inactive|itina99 has 20 seconds left.\n|\n|t:|1746040404\n|start\n|switch|p1a: Miraidon|Miraidon, L50|100/100\n|switch|p1b: Iron Treads|Iron Treads, L50|100/100\n|switch|p2a: Tornadus|Tornadus, L50, M|100/100\n|switch|p2b: Kyogre|Kyogre, L50|100/100\n|-fieldstart|move: Electric Terrain|[from] ability: Hadron Engine|[of] p1a: Miraidon\n|-activate|p1b: Iron Treads|ability: Quark Drive\n|-start|p1b: Iron Treads|quarkdrivespe\n|-weather|RainDance|[from] ability: Drizzle|[of] p2b: Kyogre\n|turn|1\n|inactive|itina99 has 30 seconds left.\n|inactive|Ryugami0 has 30 seconds left.\n|inactive|itina99 has 20 seconds left.\n|inactive|itina99 has 15 seconds left.\n|inactive|itina99 has 10 seconds left.\n|\n|t:|1746040450\n|-end|p1b: Iron Treads|Quark Drive|[silent]\n|switch|p1b: Iron Hands|Iron Hands, L50|100/100\n|-activate|p1b: Iron Hands|ability: Quark Drive\n|-start|p1b: Iron Hands|quarkdriveatk\n|move|p2b: Kyogre|Protect|p2b: Kyogre\n|-singleturn|p2b: Kyogre|Protect\n|move|p2a: Tornadus|Tailwind|p2a: Tornadus\n|-sidestart|p2: Ryugami0|move: Tailwind\n|move|p1a: Miraidon|Volt Switch|p2a: Tornadus\n|-supereffective|p2a: Tornadus\n|-damage|p2a: Tornadus|0 fnt\n|faint|p2a: Tornadus\n|-damage|p1a: Miraidon|91/100|[from] item: Life Orb\n|\n|t:|1746040464\n|switch|p1a: Ho-Oh|Ho-Oh, L50|100/100|[from] Volt Switch\n|\n|-weather|RainDance|[upkeep]\n|upkeep\n|\n|t:|1746040479\n|switch|p2a: Zacian|Zacian-Crowned, L50|100/100\n|-ability|p2a: Zacian|Intrepid Sword|boost\n|-boost|p2a: Zacian|atk|1\n|turn|2\n|\n|t:|1746040495\n|move|p1b: Iron Hands|Fake Out|p2b: Kyogre\n|-damage|p2b: Kyogre|80/100\n|move|p2a: Zacian|Play Rough|p1b: Iron Hands|[miss]\n|-miss|p2a: Zacian|p1b: Iron Hands\n|cant|p2b: Kyogre|flinch\n|move|p1a: Ho-Oh|Tailwind|p1a: Ho-Oh\n|-sidestart|p1: itina99|move: Tailwind\n|\n|-weather|RainDance|[upkeep]\n|upkeep\n|turn|3\n|inactive|itina99 has 30 seconds left.\n|inactive|Ryugami0 has 30 seconds left.\n|inactive|itina99 has 20 seconds left.\n|inactive|Ryugami0 has 20 seconds left.\n|inactive|Ryugami0 has 15 seconds left.\n|\n|t:|1746040538\n|move|p2a: Zacian|Play Rough|p1b: Iron Hands\n|-supereffective|p1b: Iron Hands\n|-damage|p1b: Iron Hands|0 fnt\n|faint|p1b: Iron Hands\n|-end|p1b: Iron Hands|Quark Drive|[silent]\n|move|p2b: Kyogre|Water Spout|p1a: Ho-Oh\n|-supereffective|p1a: Ho-Oh\n|-damage|p1a: Ho-Oh|0 fnt\n|faint|p1a: Ho-Oh\n|\n|-weather|RainDance|[upkeep]\n|upkeep\n|\n|t:|1746040549\n|switch|p1a: Miraidon|Miraidon, L50|91/100\n|switch|p1b: Iron Treads|Iron Treads, L50|100/100\n|-activate|p1a: Miraidon|ability: Hadron Engine\n|-activate|p1b: Iron Treads|ability: Quark Drive\n|-start|p1b: Iron Treads|quarkdrivespe\n|turn|4\n|inactive|itina99 has 30 seconds left.\n|inactive|Ryugami0 has 30 seconds left.\n|inactive|itina99 has 20 seconds left.\n|inactive|Ryugami0 has 20 seconds left.\n|inactive|itina99 has 15 seconds left.\n|inactive|Ryugami0 has 15 seconds left.\n|inactive|itina99 has 10 seconds left.\n|\n|t:|1746040597\n|-terastallize|p2b: Kyogre|Grass\n|move|p1b: Iron Treads|High Horsepower|p2a: Zacian\n|-supereffective|p2a: Zacian\n|-damage|p2a: Zacian|0 fnt\n|faint|p2a: Zacian\n|move|p1a: Miraidon|Draco Meteor|p2b: Kyogre\n|-damage|p2b: Kyogre|8/100\n|-unboost|p1a: Miraidon|spa|2\n|-damage|p1a: Miraidon|82/100|[from] item: Life Orb\n|move|p2b: Kyogre|Origin Pulse|p1b: Iron Treads|[spread] p1a,p1b\n|-resisted|p1a: Miraidon\n|-supereffective|p1b: Iron Treads\n|-damage|p1a: Miraidon|42/100\n|-damage|p1b: Iron Treads|0 fnt\n|faint|p1b: Iron Treads\n|-end|p1b: Iron Treads|Quark Drive|[silent]\n|\n|-weather|RainDance|[upkeep]\n|-sideend|p2: Ryugami0|move: Tailwind\n|upkeep\n|\n|t:|1746040611\n|switch|p2a: Urshifu|Urshifu-Rapid-Strike, L50, F|100/100\n|turn|5\n|\n|t:|1746040623\n|move|p1a: Miraidon|Electro Drift|p2a: Urshifu\n|-supereffective|p2a: Urshifu\n|-damage|p2a: Urshifu|0 fnt\n|faint|p2a: Urshifu\n|-damage|p1a: Miraidon|33/100|[from] item: Life Orb\n|move|p2b: Kyogre|Ice Beam|p1a: Miraidon\n|-supereffective|p1a: Miraidon\n|-damage|p1a: Miraidon|0 fnt\n|faint|p1a: Miraidon\n|\n|win|Ryugami0\n||Ryugami0 is ready for game 2.\n||itina99 is ready for game 2.\n|uhtml|next|Next: <a href=\"/battle-gen9vgc2025regibo3-2354165703\"><strong>Game 2 of 3</strong></a>\n", "uploadtime": 1746040889, "views": 34, "formatid": "gen9vgc2025regibo3", "rating": null, "private": 0, "password": null}