{"id": "gen9vgc2025regibo3-2354603332", "format": "[Gen 9] VGC 2025 Reg I (Bo3)", "players": ["pel y cano", "teriyaki malarky"], "log": "|j|\u2606pel y cano\n|j|\u2606teriyaki malarky\n|html|<table width=\"100%\"><tr><td align=\"left\">pel y cano</td><td align=\"right\">teriyaki malarky</tr><tr><td align=\"left\"><i class=\"fa fa-circle-o\"></i> <i class=\"fa fa-circle-o\"></i> </td><td align=\"right\"><i class=\"fa fa-circle-o\"></i> <i class=\"fa fa-circle-o\"></i> </tr></table>\n|uhtml|bestof|<h2><strong>Game 1</strong> of <a href=\"/game-bestof3-gen9vgc2025regibo3-2354603331\">a best-of-3</a></h2>\n|t:|1746101538\n|gametype|doubles\n|player|p1|pel y cano|cheren-gen5bw2|1060\n|player|p2|teriyaki malarky|169|1164\n|teamsize|p1|6\n|teamsize|p2|6\n|gen|9\n|tier|[Gen 9] VGC 2025 Reg I (Bo3)\n|rated|\n|rule|Species Clause: Limit one of each Pok\u00e9mon\n|rule|Item Clause: Limit 1 of each item\n|clearpoke\n|poke|p1|Koraidon, L50|\n|poke|p1|Indeedee-F, L50, F|\n|poke|p1|Calyrex-Shadow, L50|\n|poke|p1|Tornadus, L50, M|\n|poke|p1|Flutter Mane, L50|\n|poke|p1|Chi-Yu, L50|\n|poke|p2|Groudon, L50|\n|poke|p2|Miraidon, L50|\n|poke|p2|Iron Hands, L50|\n|poke|p2|Whimsicott, L50, F|\n|poke|p2|Chi-Yu, L50|\n|poke|p2|Farigiraf, L50, F|\n|teampreview|4\n|showteam|p1|Koraidon||ClearAmulet|OrichalcumPulse|FlareBlitz,CollisionCourse,FlameCharge,Protect||||||50|,,,,,Fire]Indeedee-F||PsychicSeed|PsychicSurge|Psychic,FollowMe,HelpingHand,TrickRoom|||F|||50|,,,,,Fairy]Calyrex-Shadow||SpookyPlate|AsOneSpectrier|AstralBarrage,ExpandingForce,NastyPlot,Protect||||||50|,,,,,Normal]Tornadus||CovertCloak|Prankster|BleakwindStorm,Taunt,Tailwind,SunnyDay|||M|||50|,,,,,Water]Flutter Mane||FocusSash|Protosynthesis|Moonblast,ShadowBall,IcyWind,Protect||||||50|,,,,,Stellar]Chi-Yu||ChoiceScarf|BeadsofRuin|HeatWave,DarkPulse,Overheat,Snarl||||||50|,,,,,Fire\n|showteam|p2|Groudon||ClearAmulet|Drought|PrecipiceBlades,FirePunch,BulkUp,Protect||||||50|,,,,,Fire]Miraidon||ChoiceSpecs|HadronEngine|ElectroDrift,DazzlingGleam,VoltSwitch,DracoMeteor||||||50|,,,,,Fairy]Iron Hands||AssaultVest|QuarkDrive|LowKick,HeavySlam,WildCharge,FakeOut||||||50|,,,,,Grass]Whimsicott||FocusSash|Prankster|Moonblast,Tailwind,Encore,LightScreen|||F|||50|,,,,,Ghost]Chi-Yu||ChoiceScarf|BeadsofRuin|Overheat,HeatWave,DarkPulse,Snarl||||||50|,,,,,Ghost]Farigiraf||ElectricSeed|ArmorTail|FoulPlay,HelpingHand,TrickRoom,Psychic|||F|||50|,,,,,Fairy\n|inactive|Battle timer is ON: inactive players will automatically lose when time's up. (requested by teriyaki malarky)\n|inactive|teriyaki malarky has 60 seconds left.\n|inactive|pel y cano has 60 seconds left.\n|inactive|teriyaki malarky has 30 seconds left.\n|\n|t:|1746101604\n|start\n|switch|p1a: Tornadus|Tornadus, L50, M|100/100\n|switch|p1b: Chi-Yu|Chi-Yu, L50|100/100\n|switch|p2a: Farigiraf|Farigiraf, L50, F|100/100\n|switch|p2b: Miraidon|Miraidon, L50|100/100\n|-ability|p1b: Chi-Yu|Beads of Ruin\n|-fieldstart|move: Electric Terrain|[from] ability: Hadron Engine|[of] p2b: Miraidon\n|-enditem|p2a: Farigiraf|Electric Seed\n|-boost|p2a: Farigiraf|def|1|[from] item: Electric Seed\n|turn|1\n|inactive|teriyaki malarky has 30 seconds left.\n|inactive|teriyaki malarky has 20 seconds left.\n|inactive|teriyaki malarky has 15 seconds left.\n|inactive|teriyaki malarky has 10 seconds left.\n|inactive|teriyaki malarky has 5 seconds left.\n|\n|t:|1746101654\n|switch|p2b: Groudon|Groudon, L50|100/100\n|-weather|SunnyDay|[from] ability: Drought|[of] p2b: Groudon\n|-terastallize|p1b: Chi-Yu|Fire\n|move|p1a: Tornadus|Sunny Day||[still]\n|-fail|p1a: Tornadus\n|move|p1b: Chi-Yu|Heat Wave|p2b: Groudon|[spread] p2a,p2b\n|-damage|p2a: Farigiraf|0 fnt\n|-damage|p2b: Groudon|0 fnt\n|faint|p2a: Farigiraf\n|faint|p2b: Groudon\n|\n|-weather|SunnyDay|[upkeep]\n|upkeep\n|\n|t:|1746101667\n|switch|p2b: Miraidon|Miraidon, L50|100/100\n|switch|p2a: Iron Hands|Iron Hands, L50|100/100\n|-activate|p2b: Miraidon|ability: Hadron Engine\n|-activate|p2a: Iron Hands|ability: Quark Drive\n|-start|p2a: Iron Hands|quarkdriveatk\n|turn|2\n|inactive|pel y cano has 30 seconds left.\n|\n|t:|1746101693\n|move|p2a: Iron Hands|Fake Out|p1b: Chi-Yu\n|-damage|p1b: Chi-Yu|69/100\n|move|p1a: Tornadus|Tailwind|p1a: Tornadus\n|-sidestart|p1: pel y cano|move: Tailwind\n|cant|p1b: Chi-Yu|flinch\n|move|p2b: Miraidon|Electro Drift|p1b: Chi-Yu\n|-damage|p1b: Chi-Yu|0 fnt\n|faint|p1b: Chi-Yu\n|\n|-weather|SunnyDay|[upkeep]\n|upkeep\n|\n|t:|1746101699\n|switch|p1b: Indeedee|Indeedee-F, L50, F|100/100\n|-fieldstart|move: Psychic Terrain|[from] ability: Psychic Surge|[of] p1b: Indeedee\n|-enditem|p1b: Indeedee|Psychic Seed\n|-boost|p1b: Indeedee|spd|1|[from] item: Psychic Seed\n|-end|p2a: Iron Hands|Quark Drive\n|turn|3\n|\n|t:|1746101716\n|move|p1b: Indeedee|Helping Hand|p1a: Tornadus\n|-singleturn|p1a: Tornadus|Helping Hand|[of] p1b: Indeedee\n|move|p1a: Tornadus|Bleakwind Storm|p2b: Miraidon|[spread] p2a\n|-miss|p1a: Tornadus|p2b: Miraidon\n|-damage|p2a: Iron Hands|72/100\n|move|p2b: Miraidon|Electro Drift|p1a: Tornadus\n|-supereffective|p1a: Tornadus\n|-damage|p1a: Tornadus|0 fnt\n|faint|p1a: Tornadus\n|move|p2a: Iron Hands|Wild Charge|p1b: Indeedee\n|-damage|p1b: Indeedee|49/100\n|-damage|p2a: Iron Hands|64/100|[from] Recoil\n|\n|-weather|SunnyDay|[upkeep]\n|upkeep\n|\n|t:|1746101724\n|switch|p1a: Calyrex|Calyrex-Shadow, L50|100/100\n|-ability|p1a: Calyrex|As One\n|-ability|p1a: Calyrex|Unnerve\n|turn|4\n|\n|t:|1746101739\n|-terastallize|p2a: Iron Hands|Grass\n|move|p1b: Indeedee|Follow Me|p1b: Indeedee\n|-singleturn|p1b: Indeedee|move: Follow Me\n|move|p1a: Calyrex|Astral Barrage|p2a: Iron Hands|[spread] p2a,p2b\n|-damage|p2a: Iron Hands|29/100\n|-damage|p2b: Miraidon|44/100\n|move|p2b: Miraidon|Electro Drift|p1b: Indeedee\n|-damage|p1b: Indeedee|0 fnt\n|faint|p1b: Indeedee\n|move|p2a: Iron Hands|Wild Charge|p1a: Calyrex\n|-crit|p1a: Calyrex\n|-damage|p1a: Calyrex|28/100\n|-damage|p2a: Iron Hands|15/100|[from] Recoil\n|\n|-weather|SunnyDay|[upkeep]\n|upkeep\n|turn|5\n|\n|t:|1746101762\n|move|p1a: Calyrex|Astral Barrage|p2b: Miraidon|[spread] p2a,p2b\n|-damage|p2a: Iron Hands|0 fnt\n|-damage|p2b: Miraidon|0 fnt\n|faint|p2a: Iron Hands\n|-end|p2a: Iron Hands|Quark Drive|[silent]\n|faint|p2b: Miraidon\n|\n|win|pel y cano\n||teriyaki malarky is ready for game 2.\n||pel y cano is ready for game 2.\n|uhtml|next|Next: <a href=\"/battle-gen9vgc2025regibo3-2354604985\"><strong>Game 2 of 3</strong></a>\n", "uploadtime": 1746101956, "views": 8, "formatid": "gen9vgc2025regibo3", "rating": null, "private": 0, "password": null}