{"id": "gen9vgc2025regibo3-2354538655", "format": "[Gen 9] VGC 2025 Reg I (Bo3)", "players": ["araf zaman", "SERENA2024"], "log": "|j|\u2606araf zaman\n|j|\u2606SERENA2024\n|html|<table width=\"100%\"><tr><td align=\"left\">araf zaman</td><td align=\"right\">SERENA2024</tr><tr><td align=\"left\"><i class=\"fa fa-circle-o\"></i> <i class=\"fa fa-circle-o\"></i> </td><td align=\"right\"><i class=\"fa fa-circle-o\"></i> <i class=\"fa fa-circle-o\"></i> </tr></table>\n|uhtml|bestof|<h2><strong>Game 1</strong> of <a href=\"/game-bestof3-gen9vgc2025regibo3-2354538654\">a best-of-3</a></h2>\n|t:|1746090430\n|gametype|doubles\n|player|p1|araf zaman|nate|1316\n|player|p2|SERENA2024|2|1317\n|teamsize|p1|6\n|teamsize|p2|6\n|gen|9\n|tier|[Gen 9] VGC 2025 Reg I (Bo3)\n|rated|\n|rule|Species Clause: Limit one of each Pok\u00e9mon\n|rule|Item Clause: Limit 1 of each item\n|clearpoke\n|poke|p1|Zamazenta-*, L50|\n|poke|p1|Chien-Pao, L50|\n|poke|p1|Tornadus, L50, M|\n|poke|p1|Calyrex-Shadow, L50|\n|poke|p1|Amoonguss, L50, F|\n|poke|p1|Iron Hands, L50|\n|poke|p2|Calyrex-Shadow, L50|\n|poke|p2|Zamazenta-*, L50|\n|poke|p2|Grimmsnarl, L50, M|\n|poke|p2|Incineroar, L50, M|\n|poke|p2|Rillaboom, L50, F|\n|poke|p2|Ogerpon-Cornerstone, L50, F|\n|teampreview|4\n|showteam|p1|Zamazenta-Crowned||RustedShield|DauntlessShield|Protect,WideGuard,BodyPress,behemothbash||||||50|,,,,,Dragon]Chien-Pao||FocusSash|SwordofRuin|Protect,IceSpinner,Crunch,SuckerPunch||||||50|,,,,,Stellar]Tornadus||CovertCloak|Prankster|Taunt,Tailwind,BleakwindStorm,RainDance|||M|||50|,,,,,Dark]Calyrex-Shadow||LifeOrb|AsOneSpectrier|AstralBarrage,Psychic,NastyPlot,Protect||||||50|,,,,,Dark]Amoonguss||RockyHelmet|Regenerator|Protect,Spore,RagePowder,PollenPuff|||F|||50|,,,,,Dark]Iron Hands||AssaultVest|QuarkDrive|FakeOut,LowKick,DrainPunch,WildCharge||||||50|,,,,,Water\n|showteam|p2|Calyrex-Shadow||SpellTag|AsOneSpectrier|AstralBarrage,PollenPuff,Psychic,Protect||||||50|,,,,,Ghost]Zamazenta-Crowned||RustedShield|DauntlessShield|BodyPress,HeavySlam,Protect,WideGuard||||||50|,,,,,Dragon]Grimmsnarl||LightClay|Prankster|LightScreen,Reflect,FoulPlay,ThunderWave|||M|||50|,,,,,Steel]Incineroar||RockyHelmet|Intimidate|KnockOff,WillOWisp,PartingShot,FakeOut|||M|||50|,,,,,Bug]Rillaboom||AssaultVest|GrassySurge|GrassyGlide,WoodHammer,Uturn,FakeOut|||F|||50|,,,,,Fire]Ogerpon-Cornerstone||CornerstoneMask|Sturdy|IvyCudgel,HornLeech,FollowMe,SpikyShield|||F|||50|,,,,,Rock\n|\n|t:|1746090461\n|start\n|switch|p1a: Chien-Pao|Chien-Pao, L50|100/100\n|switch|p1b: Calyrex|Calyrex-Shadow, L50|100/100\n|switch|p2a: Zamazenta|Zamazenta-Crowned, L50|100/100\n|switch|p2b: Incineroar|Incineroar, L50, M|100/100\n|-ability|p1b: Calyrex|As One\n|-ability|p1b: Calyrex|Unnerve\n|-ability|p1a: Chien-Pao|Sword of Ruin\n|-ability|p2a: Zamazenta|Dauntless Shield|boost\n|-boost|p2a: Zamazenta|def|1\n|-ability|p2b: Incineroar|Intimidate|boost\n|-unboost|p1a: Chien-Pao|atk|1\n|-unboost|p1b: Calyrex|atk|1\n|turn|1\n|inactive|Battle timer is ON: inactive players will automatically lose when time's up. (requested by SERENA2024)\n|\n|t:|1746090500\n|switch|p1a: Zamazenta|Zamazenta-Crowned, L50|100/100\n|-ability|p1a: Zamazenta|Dauntless Shield|boost\n|-boost|p1a: Zamazenta|def|1\n|move|p1b: Calyrex|Protect|p1b: Calyrex\n|-singleturn|p1b: Calyrex|Protect\n|move|p2a: Zamazenta|Protect|p2a: Zamazenta\n|-singleturn|p2a: Zamazenta|Protect\n|move|p2b: Incineroar|Knock Off|p1b: Calyrex\n|-activate|p1b: Calyrex|move: Protect\n|\n|upkeep\n|turn|2\n|\n|t:|1746090523\n|move|p1b: Calyrex|Psychic|p2b: Incineroar\n|-immune|p2b: Incineroar\n|move|p1a: Zamazenta|Body Press|p2b: Incineroar\n|-supereffective|p2b: Incineroar\n|-damage|p2b: Incineroar|0 fnt\n|-damage|p1a: Zamazenta|84/100|[from] item: Rocky Helmet|[of] p2b: Incineroar\n|faint|p2b: Incineroar\n|move|p2a: Zamazenta|Body Press|p1b: Calyrex\n|-immune|p1b: Calyrex\n|\n|upkeep\n|-message|SERENA2024 forfeited.\n|\n|win|araf zaman\n|l|\u2606SERENA2024\n|player|p2|\n||SERENA2024 is ready for game 2.\n||araf zaman is ready for game 2.\n|uhtml|next|Next: <a href=\"/battle-gen9vgc2025regibo3-2354539176\"><strong>Game 2 of 3</strong></a>\n", "uploadtime": 1746090765, "views": 12, "formatid": "gen9vgc2025regibo3", "rating": null, "private": 0, "password": null}