{"id": "gen9vgc2025regibo3-2355120811", "format": "[Gen 9] VGC 2025 Reg I (Bo3)", "players": ["maxspeedamoonguss", "byebyebirdie1"], "log": "|j|\u2606maxspeedamoonguss\n|j|\u2606byebyebirdie1\n|html|<table width=\"100%\"><tr><td align=\"left\">maxspeedamoonguss</td><td align=\"right\">byebyebirdie1</tr><tr><td align=\"left\"><i class=\"fa fa-circle\"></i> <i class=\"fa fa-circle-o\"></i> </td><td align=\"right\"><i class=\"fa fa-circle-o\"></i> <i class=\"fa fa-circle\"></i> </tr></table>\n|uhtml|bestof|<h2><strong>Game 3</strong> of <a href=\"/game-bestof3-gen9vgc2025regibo3-2355117637\">a best-of-3</a></h2>\n|t:|1746155099\n|gametype|doubles\n|player|p1|maxspeedamoonguss|n|1150\n|player|p2|byebyebirdie1|101|1265\n|teamsize|p1|6\n|teamsize|p2|6\n|gen|9\n|tier|[Gen 9] VGC 2025 Reg I (Bo3)\n|rated|\n|rule|Species Clause: Limit one of each Pok\u00e9mon\n|rule|Item Clause: Limit 1 of each item\n|clearpoke\n|poke|p1|Calyrex-Shadow, L50|\n|poke|p1|Koraidon, L50|\n|poke|p1|Chi-Yu, L50|\n|poke|p1|Brute Bonnet, L50|\n|poke|p1|Whimsicott, L50, F|\n|poke|p1|Ditto, L50|\n|poke|p2|Calyrex-Shadow, L50|\n|poke|p2|Rillaboom, L50, M|\n|poke|p2|Zamazenta-*, L50|\n|poke|p2|Incineroar, L50, M|\n|poke|p2|Ogerpon-Hearthflame, L50, F|\n|poke|p2|Raging Bolt, L50|\n|teampreview|4\n|showteam|p1|Calyrex-Shadow||LifeOrb|AsOneSpectrier|Protect,AstralBarrage,Psychic,Substitute||||||50|,,,,,Dark]Koraidon||ClearAmulet|OrichalcumPulse|Protect,CollisionCourse,FlareBlitz,FlameCharge||||||50|,,,,,Fire]Chi-Yu||ChoiceScarf|BeadsofRuin|Overheat,HeatWave,DarkPulse,Snarl||||||50|,,,,,Ghost]Brute Bonnet||RockyHelmet|Protosynthesis|SeedBomb,SuckerPunch,Spore,RagePowder||||||50|,,,,,Water]Whimsicott||CovertCloak|Prankster|Moonblast,Tailwind,HelpingHand,Encore|||F|||50|,,,,,Dark]Ditto||FocusSash|Imposter|Transform||||||50|,,,,,Normal\n|showteam|p2|Calyrex-Shadow||SpellTag|AsOneSpectrier|Protect,AstralBarrage,Psychic,NastyPlot||||||50|,,,,,Water]Rillaboom||AssaultVest|GrassySurge|WoodHammer,FakeOut,GrassyGlide,Uturn|||M|||50|,,,,,Fire]Zamazenta-Crowned||RustedShield|DauntlessShield|behemothbash,BodyPress,WideGuard,Protect||||||50|,,,,,Dragon]Incineroar||SafetyGoggles|Intimidate|FakeOut,WillOWisp,PartingShot,KnockOff|||M|||50|,,,,,Bug]Ogerpon-Hearthflame||HearthflameMask|MoldBreaker|IvyCudgel,FollowMe,SpikyShield,WoodHammer|||F|||50|,,,,,Fire]Raging Bolt||BoosterEnergy|Protosynthesis|Protect,Thunderbolt,Thunderclap,DracoMeteor||||||50|,,,,,Electric\n|\n|t:|1746155128\n|start\n|switch|p1a: Chi-Yu|Chi-Yu, L50|100/100\n|switch|p1b: Koraidon|Koraidon, L50|100/100\n|switch|p2a: Calyrex|Calyrex-Shadow, L50|100/100\n|switch|p2b: Incineroar|Incineroar, L50, M|100/100\n|-ability|p2a: Calyrex|As One\n|-ability|p2a: Calyrex|Unnerve\n|-ability|p1a: Chi-Yu|Beads of Ruin\n|-weather|SunnyDay|[from] ability: Orichalcum Pulse|[of] p1b: Koraidon\n|-activate|p1b: Koraidon|Orichalcum Pulse|[source]\n|-ability|p2b: Incineroar|Intimidate|boost\n|-unboost|p1a: Chi-Yu|atk|1\n|-fail|p1b: Koraidon|unboost|[from] item: Clear Amulet|[of] p1b: Koraidon\n|turn|1\n|\n|t:|1746155152\n|-terastallize|p2a: Calyrex|Water\n|-terastallize|p1b: Koraidon|Fire\n|move|p2b: Incineroar|Fake Out|p1a: Chi-Yu\n|-damage|p1a: Chi-Yu|84/100\n|cant|p1a: Chi-Yu|flinch\n|move|p2a: Calyrex|Nasty Plot|p2a: Calyrex\n|-boost|p2a: Calyrex|spa|2\n|move|p1b: Koraidon|Flame Charge|p2a: Calyrex\n|-resisted|p2a: Calyrex\n|-damage|p2a: Calyrex|67/100\n|-boost|p1b: Koraidon|spe|1\n|\n|-weather|SunnyDay|[upkeep]\n|upkeep\n|turn|2\n|\n|t:|1746155204\n|move|p2a: Calyrex|Protect|p2a: Calyrex\n|-singleturn|p2a: Calyrex|Protect\n|move|p1b: Koraidon|Collision Course|p2b: Incineroar\n|-supereffective|p2b: Incineroar\n|-damage|p2b: Incineroar|0 fnt\n|faint|p2b: Incineroar\n|move|p1a: Chi-Yu|Overheat|p2a: Calyrex\n|-activate|p2a: Calyrex|move: Protect\n|\n|-weather|SunnyDay|[upkeep]\n|upkeep\n|\n|t:|1746155214\n|switch|p2b: Raging Bolt|Raging Bolt, L50|100/100\n|-activate|p2b: Raging Bolt|ability: Protosynthesis\n|-start|p2b: Raging Bolt|protosynthesisspa\n|turn|3\n|\n|t:|1746155223\n|move|p2b: Raging Bolt|Thunderclap|p1b: Koraidon\n|-damage|p1b: Koraidon|20/100\n|move|p1b: Koraidon|Collision Course|p2b: Raging Bolt\n|-crit|p2b: Raging Bolt\n|-damage|p2b: Raging Bolt|9/100\n|move|p1a: Chi-Yu|Overheat|p2a: Calyrex\n|-resisted|p2a: Calyrex\n|-damage|p2a: Calyrex|0 fnt\n|-unboost|p1a: Chi-Yu|spa|2\n|faint|p2a: Calyrex\n|\n|-weather|SunnyDay|[upkeep]\n|upkeep\n|-message|byebyebirdie1 forfeited.\n|\n|win|maxspeedamoonguss\n|raw|maxspeedamoonguss's rating: 1150 &rarr; <strong>1183</strong><br />(+33 for winning)\n|raw|byebyebirdie1's rating: 1265 &rarr; <strong>1232</strong><br />(-33 for losing)\n", "uploadtime": 1746155239, "views": 4, "formatid": "gen9vgc2025regibo3", "rating": 1183, "private": 0, "password": null}