{"id": "gen9vgc2025regibo3-2353654588", "format": "[Gen 9] VGC 2025 Reg I (Bo3)", "players": ["woodswims", "Koke_915"], "log": "|j|\u2606woodswims\n|j|\u2606Koke_915\n|html|<table width=\"100%\"><tr><td align=\"left\">woodswims</td><td align=\"right\">Koke_915</tr><tr><td align=\"left\"><i class=\"fa fa-circle-o\"></i> <i class=\"fa fa-circle-o\"></i> </td><td align=\"right\"><i class=\"fa fa-circle-o\"></i> <i class=\"fa fa-circle-o\"></i> </tr></table>\n|uhtml|bestof|<h2><strong>Game 1</strong> of <a href=\"/game-bestof3-gen9vgc2025regibo3-2353654587\">a best-of-3</a></h2>\n|t:|1745979541\n|gametype|doubles\n|player|p1|woodswims|2|1073\n|player|p2|Koke_915|iris|1122\n|teamsize|p1|6\n|teamsize|p2|6\n|gen|9\n|tier|[Gen 9] VGC 2025 Reg I (Bo3)\n|rated|\n|rule|Species Clause: Limit one of each Pok\u00e9mon\n|rule|Item Clause: Limit 1 of each item\n|clearpoke\n|poke|p1|Miraidon, L50|\n|poke|p1|Ho-Oh, L50|\n|poke|p1|Whimsicott, L50, F|\n|poke|p1|Iron Hands, L50|\n|poke|p1|Chien-Pao, L50|\n|poke|p1|Farigiraf, L50, F|\n|poke|p2|Kyogre, L50|\n|poke|p2|Calyrex-Ice, L50|\n|poke|p2|Indeedee-F, L50, F|\n|poke|p2|Landorus, L50, M|\n|poke|p2|Ogerpon-Wellspring, L50, F|\n|poke|p2|Chi-Yu, L50|\n|teampreview|4\n|showteam|p1|Miraidon||ChoiceSpecs|HadronEngine|VoltSwitch,ElectroDrift,DazzlingGleam,DracoMeteor||||||50|,,,,,Fairy]Ho-Oh||ClearAmulet|Regenerator|SacredFire,BraveBird,Tailwind,Protect||||||50|,,,,,Steel]Whimsicott||CovertCloak|Prankster|Moonblast,SunnyDay,Tailwind,Encore|||F|||50|,,,,,Dark]Iron Hands||AssaultVest|QuarkDrive|DrainPunch,WildCharge,FakeOut,LowKick||||||50|,,,,,Water]Chien-Pao||FocusSash|SwordofRuin|IcicleCrash,SuckerPunch,LashOut,Protect||||||50|,,,,,Ghost]Farigiraf||ElectricSeed|ArmorTail|FoulPlay,HelpingHand,TrickRoom,PsychicNoise|||F|||50|,,,,,Fairy\n|showteam|p2|Kyogre||MysticWater|Drizzle|Thunder,OriginPulse,IceBeam,Protect||||||50|,,,,,Grass]Calyrex-Ice||ClearAmulet|AsOneGlastrier|GlacialLance,Protect,HighHorsepower,TrickRoom||||||50|,,,,,Normal]Indeedee-F||RockyHelmet|PsychicSurge|TrickRoom,HelpingHand,FollowMe,Protect|||F|||50|,,,,,Fairy]Landorus||LifeOrb|SheerForce|SandsearStorm,Psychic,Protect,EarthPower|||M|||50|,,,,,Water]Ogerpon-Wellspring||WellspringMask|WaterAbsorb|SpikyShield,IvyCudgel,WoodHammer,FollowMe|||F|||50|,,,,,Water]Chi-Yu||PowerLens|BeadsofRuin|HeatWave,Protect,Snarl,DarkPulse||||||50|,,,,,Ghost\n|\n|t:|1745979589\n|start\n|switch|p1a: Miraidon|Miraidon, L50|100/100\n|switch|p1b: Iron Hands|Iron Hands, L50|100/100\n|switch|p2a: Maid|Indeedee-F, L50, F|100/100\n|switch|p2b: Aladdin|Landorus, L50, M|100/100\n|-fieldstart|move: Electric Terrain|[from] ability: Hadron Engine|[of] p1a: Miraidon\n|-activate|p1b: Iron Hands|ability: Quark Drive\n|-start|p1b: Iron Hands|quarkdriveatk\n|-fieldstart|move: Psychic Terrain|[from] ability: Psychic Surge|[of] p2a: Maid\n|-end|p1b: Iron Hands|Quark Drive\n|turn|1\n|\n|t:|1745979607\n|move|p2a: Maid|Protect|p2a: Maid\n|-singleturn|p2a: Maid|Protect\n|move|p1b: Iron Hands|Fake Out|p2b: Aladdin\n|-hint|Psychic Terrain doesn't affect Pok\u00e9mon immune to Ground.\n|-damage|p2b: Aladdin|84/100\n|move|p1a: Miraidon|Volt Switch|p2a: Maid\n|-activate|p2a: Maid|move: Protect\n|cant|p2b: Aladdin|flinch\n|\n|upkeep\n|turn|2\n|\n|t:|1745979654\n|-terastallize|p1b: Iron Hands|Water\n|move|p1a: Miraidon|Volt Switch|p2a: Maid\n|-damage|p2a: Maid|41/100\n|\n|t:|1745979660\n|switch|p1a: Ho-Oh|Ho-Oh, L50|100/100|[from] Volt Switch\n|move|p2b: Aladdin|Sandsear Storm|p1a: Ho-Oh|[spread] p1b\n|-immune|p1a: Ho-Oh\n|-damage|p1b: Iron Hands|66/100\n|move|p1b: Iron Hands|Drain Punch|p2a: Maid\n|-damage|p2a: Maid|2/100\n|-heal|p1b: Iron Hands|81/100|[from] drain|[of] p2a: Maid\n|-damage|p1b: Iron Hands|64/100|[from] item: Rocky Helmet|[of] p2a: Maid\n|move|p2a: Maid|Trick Room|p2a: Maid\n|-fieldstart|move: Trick Room|[of] p2a: Maid\n|\n|upkeep\n|turn|3\n|\n|t:|1745979734\n|switch|p2a: Nemo|Chi-Yu, L50|100/100\n|-ability|p2a: Nemo|Beads of Ruin\n|move|p1b: Iron Hands|Drain Punch|p2a: Nemo\n|-supereffective|p2a: Nemo\n|-damage|p2a: Nemo|0 fnt\n|-heal|p1b: Iron Hands|93/100|[from] drain|[of] p2a: Nemo\n|faint|p2a: Nemo\n|move|p2b: Aladdin|Earth Power|p1b: Iron Hands\n|-damage|p1b: Iron Hands|53/100\n|move|p1a: Ho-Oh|Sacred Fire|p2b: Aladdin\n|-damage|p2b: Aladdin|27/100\n|-status|p2b: Aladdin|brn\n|\n|-damage|p2b: Aladdin|21/100 brn|[from] brn\n|upkeep\n|\n|t:|1745979750\n|switch|p2a: ChikeenJockeyy!|Calyrex-Ice, L50|100/100\n|-ability|p2a: ChikeenJockeyy!|As One\n|-ability|p2a: ChikeenJockeyy!|Unnerve\n|turn|4\n|\n|t:|1745979771\n|move|p1b: Iron Hands|Low Kick|p2a: ChikeenJockeyy!\n|-damage|p2a: ChikeenJockeyy!|56/100\n|move|p2a: ChikeenJockeyy!|Glacial Lance|p1a: Ho-Oh|[spread] p1a,p1b\n|-resisted|p1b: Iron Hands\n|-damage|p1a: Ho-Oh|57/100\n|-damage|p1b: Iron Hands|36/100\n|move|p2b: Aladdin|Psychic|p1b: Iron Hands\n|-damage|p1b: Iron Hands|10/100\n|move|p1a: Ho-Oh|Sacred Fire|p2a: ChikeenJockeyy!\n|-supereffective|p2a: ChikeenJockeyy!\n|-damage|p2a: ChikeenJockeyy!|0 fnt\n|faint|p2a: ChikeenJockeyy!\n|\n|-damage|p2b: Aladdin|15/100 brn|[from] brn\n|upkeep\n|-message|Koke_915 forfeited.\n|\n|win|woodswims\n|l|\u2606Koke_915\n|player|p2|\n", "uploadtime": 1745979785, "views": 10, "formatid": "gen9vgc2025regibo3", "rating": null, "private": 0, "password": null}