{"id": "gen9vgc2025regibo3-2354486186", "format": "[Gen 9] VGC 2025 Reg I (Bo3)", "players": ["arielrai", "bigj009"], "log": "|j|\u2606arielrai\n|j|\u2606bigj009\n|html|<table width=\"100%\"><tr><td align=\"left\">arielrai</td><td align=\"right\">bigj009</tr><tr><td align=\"left\"><i class=\"fa fa-circle-o\"></i> <i class=\"fa fa-circle-o\"></i> </td><td align=\"right\"><i class=\"fa fa-circle-o\"></i> <i class=\"fa fa-circle\"></i> </tr></table>\n|uhtml|bestof|<h2><strong>Game 2</strong> of <a href=\"/game-bestof3-gen9vgc2025regibo3-2354485049\">a best-of-3</a></h2>\n|t:|1746079728\n|gametype|doubles\n|player|p1|arielrai|266|1282\n|player|p2|bigj009|lucas|1130\n|teamsize|p1|6\n|teamsize|p2|6\n|gen|9\n|tier|[Gen 9] VGC 2025 Reg I (Bo3)\n|rated|\n|rule|Species Clause: Limit one of each Pok\u00e9mon\n|rule|Item Clause: Limit 1 of each item\n|clearpoke\n|poke|p1|Miraidon, L50|\n|poke|p1|Tornadus, L50, M|\n|poke|p1|Kyogre, L50|\n|poke|p1|Ludicolo, L50, F|\n|poke|p1|Urshifu-*, L50, M|\n|poke|p1|Clefairy, L50, M|\n|poke|p2|Calyrex-Ice, L50|\n|poke|p2|Kyogre, L50|\n|poke|p2|Smeargle, L50, M|\n|poke|p2|Hatterene, L50, F|\n|poke|p2|Indeedee-F, L50, F|\n|poke|p2|Ursaluna-Bloodmoon, L50, M|\n|teampreview|4\n|showteam|p1|Miraidon||LifeOrb|HadronEngine|Protect,ElectroDrift,VoltSwitch,DracoMeteor||||||50|,,,,,Electric]Tornadus||SitrusBerry|Prankster|Tailwind,Taunt,RainDance,BleakwindStorm|||M|||50|,,,,,Dark]Kyogre||Leftovers|Drizzle|OriginPulse,WaterSpout,IceBeam,Protect||||||50|,,,,,Grass]Ludicolo||FocusSash|SwiftSwim|FakeOut,GigaDrain,Encore,HydroPump|||F|||50|,,,,,Water]Urshifu-Rapid-Strike||ChoiceScarf|UnseenFist|SurgingStrikes,AquaJet,CloseCombat,Uturn|||M|||50|,,,,,Water]Clefairy||Eviolite|FriendGuard|FollowMe,HelpingHand,LifeDew,Protect|||M|||50|,,,,,Grass\n|showteam|p2|Calyrex-Ice||LifeOrb|AsOneGlastrier|GlacialLance,HighHorsepower,Protect,TrickRoom||||||50|,,,,,Normal]Kyogre||ChoiceScarf|Drizzle|WaterSpout,TeraBlast,IceBeam,Thunder||||||50|,,,,,Water]Smeargle||FocusSash|OwnTempo|FakeOut,Spore,Feint,FollowMe|||M|||50|,,,,,Ghost]Hatterene||CovertCloak|MagicBounce|DazzlingGleam,ExpandingForce,TrickRoom,Protect|||F|||50|,,,,,Water]Indeedee-F||SafetyGoggles|PsychicSurge|FollowMe,TrickRoom,HelpingHand,Psychic|||F|||50|,,,,,Water]Ursaluna-Bloodmoon||ThroatSpray|MindsEye|HyperVoice,BloodMoon,Protect,EarthPower|||M|||50|,,,,,Normal\n|inactive|Battle timer is ON: inactive players will automatically lose when time's up. (requested by bigj009)\n|l|\u2606arielrai\n|inactive|arielrai disconnected and has a minute to reconnect!\n|player|p1|\n|j|\u2606arielrai\n|inactive|arielrai reconnected and has 70 seconds left.\n|player|p1|arielrai|266|\n|inactive|arielrai has 60 seconds left.\n|inactive|arielrai has 30 seconds left.\n|inactive|arielrai has 20 seconds left.\n|inactive|arielrai has 15 seconds left.\n|\n|t:|1746079822\n|start\n|switch|p1a: Kyogre|Kyogre, L50|100/100\n|switch|p1b: Clefairy|Clefairy, L50, M|100/100\n|switch|p2a: Smeargle|Smeargle, L50, M|100/100\n|switch|p2b: Hatterene|Hatterene, L50, F|100/100\n|-weather|RainDance|[from] ability: Drizzle|[of] p1a: Kyogre\n|turn|1\n|\n|t:|1746079834\n|move|p2a: Smeargle|Fake Out|p1a: Kyogre\n|-damage|p1a: Kyogre|97/100\n|move|p1b: Clefairy|Follow Me|p1b: Clefairy\n|-singleturn|p1b: Clefairy|move: Follow Me\n|cant|p1a: Kyogre|flinch\n|move|p2b: Hatterene|Trick Room|p2b: Hatterene\n|-fieldstart|move: Trick Room|[of] p2b: Hatterene\n|\n|-weather|RainDance|[upkeep]\n|-heal|p1a: Kyogre|100/100|[from] item: Leftovers\n|upkeep\n|turn|2\n|l|\u2606arielrai\n|inactive|arielrai disconnected and has a minute to reconnect!\n|player|p1|\n|j|\u2606arielrai\n|inactive|arielrai reconnected and has 35 seconds left.\n|player|p1|arielrai|266|\n|inactive|arielrai has 30 seconds left.\n|\n|t:|1746079864\n|switch|p1b: Miraidon|Miraidon, L50|100/100\n|-fieldstart|move: Electric Terrain|[from] ability: Hadron Engine|[of] p1b: Miraidon\n|move|p2b: Hatterene|Dazzling Gleam|p1a: Kyogre|[spread] p1a,p1b\n|-supereffective|p1b: Miraidon\n|-damage|p1a: Kyogre|74/100\n|-damage|p1b: Miraidon|41/100\n|move|p1a: Kyogre|Water Spout|p2a: Smeargle|[spread] p2a,p2b\n|-crit|p2a: Smeargle\n|-enditem|p2a: Smeargle|Focus Sash\n|-damage|p2a: Smeargle|1/100\n|-damage|p2b: Hatterene|18/100\n|move|p2a: Smeargle|Spore|p1a: Kyogre\n|-activate|p1a: Kyogre|move: Electric Terrain\n|\n|-weather|RainDance|[upkeep]\n|-heal|p1a: Kyogre|80/100|[from] item: Leftovers\n|upkeep\n|turn|3\n|\n|t:|1746079887\n|switch|p1b: Clefairy|Clefairy, L50, M|100/100\n|move|p2a: Smeargle|Feint|p1b: Clefairy\n|-damage|p1b: Clefairy|97/100\n|move|p2b: Hatterene|Dazzling Gleam|p1a: Kyogre|[spread] p1a,p1b\n|-damage|p1a: Kyogre|61/100\n|-damage|p1b: Clefairy|69/100\n|move|p1a: Kyogre|Water Spout|p2b: Hatterene|[spread] p2a,p2b\n|-damage|p2a: Smeargle|0 fnt\n|-damage|p2b: Hatterene|0 fnt\n|faint|p2a: Smeargle\n|faint|p2b: Hatterene\n|\n|-weather|RainDance|[upkeep]\n|-heal|p1a: Kyogre|67/100|[from] item: Leftovers\n|upkeep\n|\n|t:|1746079896\n|switch|p2b: Ursaluna|Ursaluna-Bloodmoon, L50, M|100/100\n|switch|p2a: Calyrex|Calyrex-Ice, L50|100/100\n|-ability|p2a: Calyrex|As One\n|-ability|p2a: Calyrex|Unnerve\n|turn|4\n|inactive|arielrai has 30 seconds left.\n|\n|t:|1746079927\n|-terastallize|p2b: Ursaluna|Normal\n|move|p1b: Clefairy|Protect|p1b: Clefairy\n|-singleturn|p1b: Clefairy|Protect\n|move|p1a: Kyogre|Protect|p1a: Kyogre\n|-singleturn|p1a: Kyogre|Protect\n|move|p2b: Ursaluna|Hyper Voice|p1b: Clefairy|[spread] \n|-activate|p1a: Kyogre|move: Protect\n|-activate|p1b: Clefairy|move: Protect\n|move|p2a: Calyrex|Glacial Lance|p1a: Kyogre|[spread] \n|-activate|p1a: Kyogre|move: Protect\n|-activate|p1b: Clefairy|move: Protect\n|\n|-weather|RainDance|[upkeep]\n|-heal|p1a: Kyogre|73/100|[from] item: Leftovers\n|upkeep\n|turn|5\n|inactive|arielrai has 30 seconds left.\n|\n|t:|1746079962\n|move|p1b: Clefairy|Life Dew|p1b: Clefairy|[spread] p1a,p1b\n|-heal|p1a: Kyogre|98/100\n|-heal|p1b: Clefairy|94/100\n|move|p2b: Ursaluna|Hyper Voice|p1b: Clefairy|[spread] p1a,p1b\n|-damage|p1a: Kyogre|71/100\n|-damage|p1b: Clefairy|56/100\n|-enditem|p2b: Ursaluna|Throat Spray\n|-boost|p2b: Ursaluna|spa|1|[from] item: Throat Spray\n|move|p2a: Calyrex|Glacial Lance|p1a: Kyogre|[spread] p1a,p1b\n|-resisted|p1a: Kyogre\n|-damage|p1a: Kyogre|42/100\n|-damage|p1b: Clefairy|0 fnt\n|faint|p1b: Clefairy\n|-ability|p2a: Calyrex|Chilling Neigh|boost\n|-boost|p2a: Calyrex|atk|1\n|-damage|p2a: Calyrex|91/100|[from] item: Life Orb\n|move|p1a: Kyogre|Origin Pulse|p2a: Calyrex|[spread] p2a,p2b\n|-damage|p2a: Calyrex|37/100\n|-damage|p2b: Ursaluna|17/100\n|\n|-weather|none\n|-heal|p1a: Kyogre|48/100|[from] item: Leftovers\n|-fieldend|move: Trick Room\n|upkeep\n|-message|bigj009 forfeited.\n|\n|win|arielrai\n|l|\u2606bigj009\n|player|p2|\n||bigj009 is ready for game 3.\n||arielrai is ready for game 3.\n|uhtml|next|Next: <a href=\"/battle-gen9vgc2025regibo3-2354487443\"><strong>Game 3 of 3</strong></a>\n|l|\u2606arielrai\n|player|p1|\n", "uploadtime": 1746080378, "views": 8, "formatid": "gen9vgc2025regibo3", "rating": null, "private": 0, "password": null}