{"id": "gen9vgc2025regibo3-2354335707", "format": "[Gen 9] VGC 2025 Reg I (Bo3)", "players": ["alphamystogan", "tg100"], "log": "|j|\u2606alphamystogan\n|j|\u2606tg100\n|html|<table width=\"100%\"><tr><td align=\"left\">alphamystogan</td><td align=\"right\">tg100</tr><tr><td align=\"left\"><i class=\"fa fa-circle\"></i> <i class=\"fa fa-circle-o\"></i> </td><td align=\"right\"><i class=\"fa fa-circle-o\"></i> <i class=\"fa fa-circle-o\"></i> </tr></table>\n|uhtml|bestof|<h2><strong>Game 2</strong> of <a href=\"/game-bestof3-gen9vgc2025regibo3-2354333908\">a best-of-3</a></h2>\n|t:|1746058808\n|gametype|doubles\n|player|p1|alphamystogan|266|1258\n|player|p2|tg100|101|1161\n|teamsize|p1|6\n|teamsize|p2|6\n|gen|9\n|tier|[Gen 9] VGC 2025 Reg I (Bo3)\n|rated|\n|rule|Species Clause: Limit one of each Pok\u00e9mon\n|rule|Item Clause: Limit 1 of each item\n|clearpoke\n|poke|p1|Koraidon, L50|\n|poke|p1|Calyrex-Ice, L50|\n|poke|p1|Brute Bonnet, L50|\n|poke|p1|Flutter Mane, L50|\n|poke|p1|Chi-Yu, L50|\n|poke|p1|Raging Bolt, L50|\n|poke|p2|Chi-Yu, L50|\n|poke|p2|Flutter Mane, L50|\n|poke|p2|Koraidon, L50|\n|poke|p2|Lunala, L50|\n|poke|p2|Landorus-Therian, L50, M|\n|poke|p2|Kingambit, L50, M|\n|teampreview|4\n|showteam|p1|Koraidon||LifeOrb|OrichalcumPulse|FlameCharge,FlareBlitz,CloseCombat,Protect||||||50|,,,,,Fire]Calyrex-Ice||ClearAmulet|AsOneGlastrier|GlacialLance,HighHorsepower,Protect,TrickRoom||||||50|,,,,,Poison]Brute Bonnet||CovertCloak|Protosynthesis|Protect,SuckerPunch,Spore,RagePowder||||||50|,,,,,Water]Flutter Mane||ChoiceSpecs|Protosynthesis|ShadowBall,Moonblast,DazzlingGleam,IcyWind||||||50|,,,,,Fairy]Chi-Yu||ChoiceScarf|BeadsofRuin|HeatWave,Snarl,DarkPulse,Overheat||||||50|,,,,,Ghost]Raging Bolt||AssaultVest|Protosynthesis|Thunderbolt,DracoMeteor,Thunderclap,Snarl||||||50|,,,,,Water\n|showteam|p2|Chi-Yu||ChoiceScarf|BeadsofRuin|HeatWave,DarkPulse,Overheat,Snarl||||||50|,,,,,Ghost]Flutter Mane||FocusSash|Protosynthesis|Moonblast,ShadowBall,IcyWind,Protect||||||50|,,,,,Fairy]Koraidon||ClearAmulet|OrichalcumPulse|CollisionCourse,FlareBlitz,FlameCharge,Protect||||||50|,,,,,Fire]Lunala||PowerHerb|ShadowShield|MoongeistBeam,MeteorBeam,WideGuard,TrickRoom||||||50|,,,,,Fairy]Landorus-Therian||ChoiceBand|Intimidate|Earthquake,StompingTantrum,RockSlide,Uturn|||M|||50|,,,,,Fairy]Kingambit||AssaultVest|Defiant|KowtowCleave,SuckerPunch,IronHead,TeraBlast|||M|||50|,,,,,Fairy\n|inactive|Battle timer is ON: inactive players will automatically lose when time's up. (requested by alphamystogan)\n|inactive|alphamystogan has 60 seconds left.\n|inactive|alphamystogan has 30 seconds left.\n|\n|t:|1746058878\n|start\n|switch|p1a: Flutter Mane|Flutter Mane, L50|100/100\n|switch|p1b: Chi-Yu|Chi-Yu, L50|100/100\n|switch|p2a: Landorus|Landorus-Therian, L50, M|100/100\n|switch|p2b: Flutter Mane|Flutter Mane, L50|100/100\n|-ability|p1b: Chi-Yu|Beads of Ruin\n|-ability|p2a: Landorus|Intimidate|boost\n|-unboost|p1a: Flutter Mane|atk|1\n|-unboost|p1b: Chi-Yu|atk|1\n|turn|1\n|inactive|alphamystogan has 30 seconds left.\n|inactive|tg100 has 30 seconds left.\n|inactive|tg100 has 20 seconds left.\n|inactive|tg100 has 15 seconds left.\n|inactive|tg100 has 10 seconds left.\n|inactive|tg100 has 5 seconds left.\n|\n|t:|1746058933\n|move|p1b: Chi-Yu|Heat Wave|p2b: Flutter Mane|[spread] p2a,p2b\n|-damage|p2a: Landorus|40/100\n|-damage|p2b: Flutter Mane|41/100\n|move|p1a: Flutter Mane|Icy Wind|p2b: Flutter Mane|[spread] p2a,p2b\n|-supereffective|p2a: Landorus\n|-damage|p2a: Landorus|0 fnt\n|-damage|p2b: Flutter Mane|7/100\n|-unboost|p2b: Flutter Mane|spe|1\n|faint|p2a: Landorus\n|move|p2b: Flutter Mane|Moonblast|p1b: Chi-Yu\n|-damage|p1b: Chi-Yu|38/100\n|\n|upkeep\n|\n|t:|1746058936\n|switch|p2a: Lunala|Lunala, L50|100/100\n|turn|2\n|inactive|alphamystogan has 30 seconds left.\n|\n|t:|1746058962\n|switch|p1b: Raging Bolt|Raging Bolt, L50|100/100\n|-terastallize|p2a: Lunala|Fairy\n|move|p2a: Lunala|Wide Guard|p2a: Lunala\n|-singleturn|p2a: Lunala|Wide Guard\n|move|p1a: Flutter Mane|Icy Wind|p2a: Lunala|[spread] \n|-activate|p2a: Lunala|move: Wide Guard\n|-activate|p2b: Flutter Mane|move: Wide Guard\n|move|p2b: Flutter Mane|Shadow Ball|p1a: Flutter Mane\n|-supereffective|p1a: Flutter Mane\n|-damage|p1a: Flutter Mane|17/100\n|\n|upkeep\n|turn|3\n|inactive|tg100 has 30 seconds left.\n|\n|t:|1746058993\n|move|p2b: Flutter Mane|Protect|p2b: Flutter Mane\n|-singleturn|p2b: Flutter Mane|Protect\n|move|p1a: Flutter Mane|Icy Wind|p2a: Lunala|[spread] \n|-activate|p2b: Flutter Mane|move: Protect\n|-miss|p1a: Flutter Mane|p2a: Lunala\n|move|p2a: Lunala|Meteor Beam||[still]\n|-prepare|p2a: Lunala|Meteor Beam\n|-boost|p2a: Lunala|spa|1\n|-enditem|p2a: Lunala|Power Herb\n|-anim|p2a: Lunala|Meteor Beam|p1b: Raging Bolt\n|-damage|p1b: Raging Bolt|65/100\n|move|p1b: Raging Bolt|Thunderbolt|p2a: Lunala\n|-damage|p2a: Lunala|84/100\n|-status|p2a: Lunala|par\n|\n|upkeep\n|turn|4\n|inactive|tg100 has 30 seconds left.\n|inactive|alphamystogan has 30 seconds left.\n|inactive|tg100 has 20 seconds left.\n|inactive|alphamystogan has 20 seconds left.\n|inactive|tg100 has 15 seconds left.\n|inactive|tg100 has 10 seconds left.\n|inactive|tg100 has 5 seconds left.\n|\n|t:|1746059044\n|move|p1a: Flutter Mane|Icy Wind|p2a: Lunala|[spread] p2a,p2b\n|-damage|p2a: Lunala|71/100 par\n|-damage|p2b: Flutter Mane|0 fnt\n|-unboost|p2a: Lunala|spe|1\n|faint|p2b: Flutter Mane\n|-end|p2b: Flutter Mane|Protosynthesis|[silent]\n|move|p1b: Raging Bolt|Snarl|p2a: Lunala\n|-resisted|p2a: Lunala\n|-damage|p2a: Lunala|65/100 par\n|-unboost|p2a: Lunala|spa|1\n|move|p2a: Lunala|Moongeist Beam|p1a: Flutter Mane\n|-supereffective|p1a: Flutter Mane\n|-damage|p1a: Flutter Mane|0 fnt\n|faint|p1a: Flutter Mane\n|-end|p1a: Flutter Mane|Protosynthesis|[silent]\n|\n|upkeep\n|\n|t:|1746059056\n|switch|p2b: Koraidon|Koraidon, L50|100/100\n|switch|p1a: Chi-Yu|Chi-Yu, L50|38/100\n|-ability|p1a: Chi-Yu|Beads of Ruin\n|-weather|SunnyDay|[from] ability: Orichalcum Pulse|[of] p2b: Koraidon\n|-activate|p1b: Raging Bolt|ability: Protosynthesis\n|-start|p1b: Raging Bolt|protosynthesisspa\n|-activate|p2b: Koraidon|Orichalcum Pulse|[source]\n|turn|5\n|\n|t:|1746059074\n|move|p1a: Chi-Yu|Overheat|p2a: Lunala\n|-damage|p2a: Lunala|0 fnt\n|-unboost|p1a: Chi-Yu|spa|2\n|faint|p2a: Lunala\n|move|p2b: Koraidon|Collision Course|p1a: Chi-Yu\n|-supereffective|p1a: Chi-Yu\n|-damage|p1a: Chi-Yu|0 fnt\n|faint|p1a: Chi-Yu\n|move|p1b: Raging Bolt|Draco Meteor|p2b: Koraidon\n|-supereffective|p2b: Koraidon\n|-damage|p2b: Koraidon|0 fnt\n|-unboost|p1b: Raging Bolt|spa|2\n|faint|p2b: Koraidon\n|\n|win|alphamystogan\n|raw|alphamystogan's rating: 1258 &rarr; <strong>1276</strong><br />(+18 for winning)\n|raw|tg100's rating: 1161 &rarr; <strong>1143</strong><br />(-18 for losing)\n", "uploadtime": 1746059093, "views": 12, "formatid": "gen9vgc2025regibo3", "rating": 1143, "private": 0, "password": null}