{"id": "gen9vgc2025regibo3-2353797145", "format": "[Gen 9] VGC 2025 Reg I (Bo3)", "players": ["test for reg I", "amurali"], "log": "|j|\u2606test for reg I\n|j|\u2606amurali\n|html|<table width=\"100%\"><tr><td align=\"left\">test for reg I</td><td align=\"right\">amurali</tr><tr><td align=\"left\"><i class=\"fa fa-circle-o\"></i> <i class=\"fa fa-circle-o\"></i> </td><td align=\"right\"><i class=\"fa fa-circle-o\"></i> <i class=\"fa fa-circle-o\"></i> </tr></table>\n|uhtml|bestof|<h2><strong>Game 1</strong> of <a href=\"/game-bestof3-gen9vgc2025regibo3-2353797144\">a best-of-3</a></h2>\n|t:|1746001561\n|gametype|doubles\n|player|p1|test for reg I|265|1319\n|player|p2|amurali|1|1354\n|teamsize|p1|6\n|teamsize|p2|6\n|gen|9\n|tier|[Gen 9] VGC 2025 Reg I (Bo3)\n|rated|\n|rule|Species Clause: Limit one of each Pok\u00e9mon\n|rule|Item Clause: Limit 1 of each item\n|clearpoke\n|poke|p1|Koraidon, L50|\n|poke|p1|Flutter Mane, L50|\n|poke|p1|Landorus, L50, M|\n|poke|p1|Lunala, L50|\n|poke|p1|Indeedee-F, L50, F|\n|poke|p1|Raging Bolt, L50|\n|poke|p2|Miraidon, L50|\n|poke|p2|Calyrex-Ice, L50|\n|poke|p2|Ogerpon-Hearthflame, L50, F|\n|poke|p2|Urshifu-*, L50, F|\n|poke|p2|Farigiraf, L50, F|\n|poke|p2|Iron Hands, L50|\n|teampreview|4\n|showteam|p1|Koraidon||ClearAmulet|OrichalcumPulse|FlareBlitz,CollisionCourse,FlameCharge,Protect||||||50|,,,,,Fire]Flutter Mane||FocusSash|Protosynthesis|Moonblast,ShadowBall,IcyWind,Protect||||||50|,,,,,Normal]Landorus||ChoiceScarf|SheerForce|EarthPower,SludgeBomb,SandsearStorm,Uturn|||M|||50|,,,,,Dark]Lunala||PowerHerb|ShadowShield|MoongeistBeam,ExpandingForce,MeteorBeam,WideGuard||||||50|,,,,,Grass]Indeedee-F||RockyHelmet|PsychicSurge|ShadowBall,FollowMe,TrickRoom,HelpingHand|||F|||50|,,,,,Water]Raging Bolt||AssaultVest|Protosynthesis|Thunderbolt,DracoMeteor,Thunderclap,VoltSwitch||||||50|,,,,,Fairy\n|showteam|p2|Miraidon||ChoiceSpecs|HadronEngine|ElectroDrift,DazzlingGleam,VoltSwitch,DracoMeteor||||||50|,,,,,Fairy]Calyrex-Ice||ClearAmulet|AsOneGlastrier|GlacialLance,HighHorsepower,TrickRoom,Protect||||||50|,,,,,Water]Ogerpon-Hearthflame||HearthflameMask|MoldBreaker|FollowMe,IvyCudgel,WoodHammer,SpikyShield|||F|||50|,,,,,Fire]Urshifu||FocusSash|UnseenFist|WickedBlow,CloseCombat,SuckerPunch,Detect|||F|||50|,,,,,Stellar]Farigiraf||ElectricSeed|ArmorTail|FoulPlay,Psychic,TrickRoom,HelpingHand|||F|||50|,,,,,Water]Iron Hands||AssaultVest|QuarkDrive|FakeOut,LowKick,DrainPunch,WildCharge||||||50|,,,,,Water\n|inactive|Battle timer is ON: inactive players will automatically lose when time's up. (requested by test for reg I)\n|inactive|test for reg I has 60 seconds left.\n|inactive|amurali has 60 seconds left.\n|inactive|test for reg I has 30 seconds left.\n|\n|t:|1746001629\n|start\n|switch|p1a: Landorus|Landorus, L50, M|100/100\n|switch|p1b: Koraidon|Koraidon, L50|100/100\n|switch|p2a: Calyrex|Calyrex-Ice, L50|100/100\n|switch|p2b: Urshifu|Urshifu, L50, F|100/100\n|-ability|p2a: Calyrex|As One\n|-ability|p2a: Calyrex|Unnerve\n|-weather|SunnyDay|[from] ability: Orichalcum Pulse|[of] p1b: Koraidon\n|-activate|p1b: Koraidon|Orichalcum Pulse|[source]\n|turn|1\n|inactive|amurali has 30 seconds left.\n|inactive|amurali has 20 seconds left.\n|inactive|amurali has 15 seconds left.\n|inactive|amurali has 10 seconds left.\n|inactive|amurali has 5 seconds left.\n|\n|t:|1746001684\n|move|p1a: Landorus|Sandsear Storm|p2b: Urshifu|[spread] p2a,p2b\n|-damage|p2a: Calyrex|70/100\n|-damage|p2b: Urshifu|29/100\n|move|p1b: Koraidon|Collision Course|p2a: Calyrex\n|-damage|p2a: Calyrex|25/100\n|move|p2b: Urshifu|Wicked Blow|p1a: Landorus\n|-crit|p1a: Landorus\n|-damage|p1a: Landorus|22/100\n|move|p2a: Calyrex|Glacial Lance|p1b: Koraidon|[spread] p1a,p1b\n|-supereffective|p1a: Landorus\n|-supereffective|p1b: Koraidon\n|-damage|p1a: Landorus|0 fnt\n|-damage|p1b: Koraidon|0 fnt\n|faint|p1a: Landorus\n|faint|p1b: Koraidon\n|-ability|p2a: Calyrex|Chilling Neigh|boost\n|-boost|p2a: Calyrex|atk|2\n|\n|-weather|SunnyDay|[upkeep]\n|upkeep\n|l|\u2606test for reg I\n|inactive|test for reg I disconnected and has a minute to reconnect!\n|player|p1|\n|inactive|test for reg I has 30 seconds left.\n|inactive|test for reg I has 20 seconds left.\n|inactive|test for reg I has 15 seconds left.\n|j|\u2606test for reg I\n|inactive|test for reg I reconnected and has 15 seconds left.\n|player|p1|test for reg I|265|\n|inactive|test for reg I has 10 seconds left.\n|\n|t:|1746001732\n|switch|p1b: Indeedee|Indeedee-F, L50, F|100/100\n|switch|p1a: Lunala|Lunala, L50|100/100\n|-fieldstart|move: Psychic Terrain|[from] ability: Psychic Surge|[of] p1b: Indeedee\n|turn|2\n|inactive|test for reg I has 30 seconds left.\n|inactive|amurali has 30 seconds left.\n|inactive|test for reg I has 20 seconds left.\n|inactive|test for reg I has 15 seconds left.\n|inactive|test for reg I has 10 seconds left.\n|inactive|amurali has 20 seconds left.\n|inactive|amurali has 15 seconds left.\n|inactive|amurali has 10 seconds left.\n|\n|t:|1746001790\n|switch|p2a: Miraidon|Miraidon, L50|100/100\n|-fieldstart|move: Electric Terrain|[from] ability: Hadron Engine|[of] p2a: Miraidon\n|-terastallize|p1b: Indeedee|Water\n|move|p1b: Indeedee|Follow Me|p1b: Indeedee\n|-singleturn|p1b: Indeedee|move: Follow Me\n|move|p2b: Urshifu|Wicked Blow|p1b: Indeedee\n|-crit|p1b: Indeedee\n|-damage|p1b: Indeedee|43/100\n|-damage|p2b: Urshifu|12/100|[from] item: Rocky Helmet|[of] p1b: Indeedee\n|move|p1a: Lunala|Meteor Beam||[still]\n|-prepare|p1a: Lunala|Meteor Beam\n|-boost|p1a: Lunala|spa|1\n|-enditem|p1a: Lunala|Power Herb\n|-anim|p1a: Lunala|Meteor Beam|p2a: Miraidon\n|-damage|p2a: Miraidon|45/100\n|\n|-weather|SunnyDay|[upkeep]\n|upkeep\n|turn|3\n|inactive|test for reg I has 30 seconds left.\n|inactive|test for reg I has 20 seconds left.\n|\n|t:|1746001829\n|-terastallize|p2a: Miraidon|Fairy\n|move|p2a: Miraidon|Dazzling Gleam|p1b: Indeedee|[spread] p1a,p1b\n|-damage|p1a: Lunala|73/100\n|-damage|p1b: Indeedee|0 fnt\n|faint|p1b: Indeedee\n|move|p2b: Urshifu|Wicked Blow|p1a: Lunala\n|-supereffective|p1a: Lunala\n|-crit|p1a: Lunala\n|-damage|p1a: Lunala|0 fnt\n|faint|p1a: Lunala\n|\n|win|amurali\n||test for reg I is ready for game 2.\n", "uploadtime": 1746001839, "views": 94, "formatid": "gen9vgc2025regibo3", "rating": null, "private": 0, "password": null}