{"id": "gen9vgc2025regibo3-2353728242", "format": "[Gen 9] VGC 2025 Reg I (Bo3)", "players": ["viperr3", "BoomCrashPow"], "log": "|j|\u2606viperr3\n|j|\u2606BoomCrashPow\n|html|<table width=\"100%\"><tr><td align=\"left\">viperr3</td><td align=\"right\">BoomCrashPow</tr><tr><td align=\"left\"><i class=\"fa fa-circle-o\"></i> <i class=\"fa fa-circle-o\"></i> </td><td align=\"right\"><i class=\"fa fa-circle-o\"></i> <i class=\"fa fa-circle-o\"></i> </tr></table>\n|uhtml|bestof|<h2><strong>Game 1</strong> of <a href=\"/game-bestof3-gen9vgc2025regibo3-2353728241\">a best-of-3</a></h2>\n|t:|1745989746\n|gametype|doubles\n|player|p1|viperr3|265|1046\n|player|p2|BoomCrashPow|101|1046\n|teamsize|p1|6\n|teamsize|p2|6\n|gen|9\n|tier|[Gen 9] VGC 2025 Reg I (Bo3)\n|rated|\n|rule|Species Clause: Limit one of each Pok\u00e9mon\n|rule|Item Clause: Limit 1 of each item\n|clearpoke\n|poke|p1|Calyrex-Shadow, L50|\n|poke|p1|Amoonguss, L50, M|\n|poke|p1|Ursaluna-Bloodmoon, L50, M|\n|poke|p1|Incineroar, L50, M|\n|poke|p1|Indeedee-F, L50, F|\n|poke|p1|Zamazenta-*, L50|\n|poke|p2|Solgaleo, L50|\n|poke|p2|Koraidon, L50|\n|poke|p2|Walking Wake, L50|\n|poke|p2|Armarouge, L50, M|\n|poke|p2|Rhyperior, L50, M|\n|poke|p2|Brute Bonnet, L50|\n|teampreview|4\n|showteam|p1|Calyrex-Shadow||ChoiceSpecs|AsOneSpectrier|AstralBarrage,PollenPuff,DrainingKiss,ExpandingForce||||||50|,,,,,Ghost]Amoonguss||Leftovers|EffectSpore|RagePowder,Spore,PollenPuff,GigaDrain|||M|||50|,,,,,Water]Ursaluna-Bloodmoon||LifeOrb|MindsEye|BloodMoon,CalmMind,HyperVoice,EarthPower|||M|||50|,,,,,Normal]Incineroar||SafetyGoggles|Intimidate|Protect,FakeOut,PartingShot,KnockOff|||M|||50|,,,,,Water]Indeedee-F||FocusSash|PsychicSurge|HelpingHand,TrickRoom,FollowMe,DazzlingGleam|||F|||50|,,,,,Grass]Zamazenta-Crowned||RustedShield|DauntlessShield|BodyPress,Crunch,WideGuard,Protect||||||50|,,,,,Fighting\n|showteam|p2|Solgaleo||WeaknessPolicy|FullMetalBody|WideGuard,SunsteelStrike,PsychicFangs,FlareBlitz||||||50|,,,,,Fire]Koraidon||ClearAmulet|OrichalcumPulse|Protect,CollisionCourse,ScaleShot,FlareBlitz||||||50|,,,,,Fire]Walking Wake||LifeOrb|Protosynthesis|Protect,DracoMeteor,HydroSteam,Flamethrower||||||50|,,,,,Stellar]Armarouge||PowerHerb|FlashFire|MeteorBeam,HeatWave,SolarBeam,TrickRoom|||M|||50|,,,,,Grass]Rhyperior||AssaultVest|LightningRod|HighHorsepower,SupercellSlam,RockSlide,Earthquake|||M|||50|,,,,,Fairy]Brute Bonnet||LoadedDice|Protosynthesis|RagePowder,BulletSeed,SuckerPunch,Spore||||||50|,,,,,Grass\n|inactive|Battle timer is ON: inactive players will automatically lose when time's up. (requested by viperr3)\n|inactive|BoomCrashPow has 60 seconds left.\n|\n|t:|1745989784\n|start\n|switch|p1a: Calyrex|Calyrex-Shadow, L50|100/100\n|switch|p1b: Indeedee|Indeedee-F, L50, F|100/100\n|switch|p2a: Solgaleo|Solgaleo, L50|100/100\n|switch|p2b: Brute Bonnet|Brute Bonnet, L50|100/100\n|-ability|p1a: Calyrex|As One\n|-ability|p1a: Calyrex|Unnerve\n|-fieldstart|move: Psychic Terrain|[from] ability: Psychic Surge|[of] p1b: Indeedee\n|turn|1\n|inactive|BoomCrashPow has 30 seconds left.\n|\n|t:|1745989816\n|-terastallize|p1a: Calyrex|Ghost\n|move|p1b: Indeedee|Helping Hand|p1a: Calyrex\n|-singleturn|p1a: Calyrex|Helping Hand|[of] p1b: Indeedee\n|move|p2a: Solgaleo|Wide Guard|p2a: Solgaleo\n|-singleturn|p2a: Solgaleo|Wide Guard\n|move|p1a: Calyrex|Astral Barrage|p2a: Solgaleo|[spread] \n|-activate|p2a: Solgaleo|move: Wide Guard\n|-activate|p2b: Brute Bonnet|move: Wide Guard\n|move|p2b: Brute Bonnet|Bullet Seed|p1a: Calyrex\n|-damage|p1a: Calyrex|82/100\n|-damage|p1a: Calyrex|62/100\n|-damage|p1a: Calyrex|43/100\n|-damage|p1a: Calyrex|26/100\n|-damage|p1a: Calyrex|8/100\n|-hitcount|p1a: Calyrex|5\n|\n|upkeep\n|turn|2\n|\n|t:|1745989840\n|move|p1b: Indeedee|Helping Hand|p1a: Calyrex\n|-singleturn|p1a: Calyrex|Helping Hand|[of] p1b: Indeedee\n|move|p2a: Solgaleo|Wide Guard|p2a: Solgaleo\n|-singleturn|p2a: Solgaleo|Wide Guard\n|move|p1a: Calyrex|Astral Barrage|p2a: Solgaleo|[spread] \n|-activate|p2a: Solgaleo|move: Wide Guard\n|-activate|p2b: Brute Bonnet|move: Wide Guard\n|move|p2b: Brute Bonnet|Bullet Seed|p1a: Calyrex\n|-damage|p1a: Calyrex|0 fnt\n|faint|p1a: Calyrex\n|-hitcount|p1: Calyrex|1\n|\n|upkeep\n|-message|viperr3 forfeited.\n|\n|win|BoomCrashPow\n|l|\u2606viperr3\n|player|p1|\n||viperr3 is ready for game 2.\n||BoomCrashPow is ready for game 2.\n|uhtml|next|Next: <a href=\"/battle-gen9vgc2025regibo3-2353728920\"><strong>Game 2 of 3</strong></a>\n|l|\u2606BoomCrashPow\n|player|p2|\n", "uploadtime": 1745990197, "views": 6, "formatid": "gen9vgc2025regibo3", "rating": null, "private": 0, "password": null}