{"id": "gen9vgc2025regibo3-2353342893", "format": "[Gen 9] VGC 2025 Reg I (Bo3)", "players": ["Gonsute", "moth.o"], "log": "|j|\u2606Gonsute\n|j|\u2606moth.o\n|html|<table width=\"100%\"><tr><td align=\"left\">Gonsute</td><td align=\"right\">moth.o</tr><tr><td align=\"left\"><i class=\"fa fa-circle-o\"></i> <i class=\"fa fa-circle-o\"></i> </td><td align=\"right\"><i class=\"fa fa-circle-o\"></i> <i class=\"fa fa-circle\"></i> </tr></table>\n|uhtml|bestof|<h2><strong>Game 2</strong> of <a href=\"/game-bestof3-gen9vgc2025regibo3-2353339028\">a best-of-3</a></h2>\n|t:|1745947944\n|gametype|doubles\n|player|p1|Gonsute|102|1166\n|player|p2|moth.o|roxie|1149\n|teamsize|p1|6\n|teamsize|p2|6\n|gen|9\n|tier|[Gen 9] VGC 2025 Reg I (Bo3)\n|rated|\n|rule|Species Clause: Limit one of each Pok\u00e9mon\n|rule|Item Clause: Limit 1 of each item\n|clearpoke\n|poke|p1|Miraidon, L50|\n|poke|p1|Lunala, L50|\n|poke|p1|Whimsicott, L50, M|\n|poke|p1|Chi-Yu, L50|\n|poke|p1|Urshifu-*, L50, M|\n|poke|p1|Iron Hands, L50|\n|poke|p2|Koraidon, L50|\n|poke|p2|Lunala, L50|\n|poke|p2|Rillaboom, L50, M|\n|poke|p2|Farigiraf, L50, M|\n|poke|p2|Raging Bolt, L50|\n|poke|p2|Landorus, L50, M|\n|teampreview|4\n|showteam|p1|Miraidon||ChoiceSpecs|HadronEngine|ElectroDrift,VoltSwitch,DracoMeteor,DazzlingGleam||||||50|,,,,,Fairy]Lunala||ElectricSeed|ShadowShield|MoongeistBeam,Psyshock,TrickRoom,WideGuard||||||50|,,,,,Water]Whimsicott||CovertCloak|Prankster|Moonblast,Tailwind,Encore,LightScreen|||M|||50|,,,,,Dark]Chi-Yu||ChoiceScarf|BeadsofRuin|HeatWave,DarkPulse,Overheat,Snarl||||||50|,,,,,Ghost]Urshifu-Rapid-Strike||FocusSash|UnseenFist|SurgingStrikes,CloseCombat,AquaJet,Detect|||M|||50|,,,,,Water]Iron Hands||AssaultVest|QuarkDrive|DrainPunch,LowKick,HeavySlam,FakeOut||||||50|,,,,,Water\n|showteam|p2|Koraidon||ClearAmulet|OrichalcumPulse|Protect,BreakingSwipe,CollisionCourse,FlameCharge||||||50|,,,,,Fire]Lunala||Leftovers|ShadowShield|Moonblast,CalmMind,MoongeistBeam,WideGuard||||||50|,,,,,Fairy]Rillaboom||AssaultVest|GrassySurge|FakeOut,WoodHammer,GrassyGlide,Uturn|||M|||50|,,,,,Fire]Farigiraf||SafetyGoggles|ArmorTail|Protect,HelpingHand,TrickRoom,Psychic|||M|||50|,,,,,Water]Raging Bolt||SitrusBerry|Protosynthesis|Protect,Thunderbolt,Thunderclap,DracoMeteor||||||50|,,,,,Water]Landorus||LifeOrb|SheerForce|Protect,SandsearStorm,EarthPower,SludgeBomb|||M|||50|,,,,,Ground\n|inactive|Battle timer is ON: inactive players will automatically lose when time's up. (requested by Gonsute)\n|inactive|Gonsute has 60 seconds left.\n|\n|t:|1745947999\n|start\n|switch|p1a: Chi-Yu|Chi-Yu, L50|100/100\n|switch|p1b: Lunala|Lunala, L50|100/100\n|switch|p2a: Carmilla|Lunala, L50, shiny|100/100\n|switch|p2b: Manolo|Rillaboom, L50, M|100/100\n|-ability|p1a: Chi-Yu|Beads of Ruin\n|-fieldstart|move: Grassy Terrain|[from] ability: Grassy Surge|[of] p2b: Manolo\n|turn|1\n|inactive|Gonsute has 30 seconds left.\n|inactive|moth.o has 30 seconds left.\n|\n|t:|1745948033\n|switch|p1b: Whimsicott|Whimsicott, L50, M|100/100\n|-terastallize|p1a: Chi-Yu|Ghost\n|-terastallize|p2a: Carmilla|Fairy\n|move|p1a: Chi-Yu|Snarl|p2a: Carmilla|[spread] p2a,p2b\n|-resisted|p2a: Carmilla\n|-damage|p2a: Carmilla|95/100\n|-damage|p2b: Manolo|77/100\n|-unboost|p2a: Carmilla|spa|1\n|-unboost|p2b: Manolo|spa|1\n|move|p2a: Carmilla|Calm Mind|p2a: Carmilla\n|-boost|p2a: Carmilla|spa|1\n|-boost|p2a: Carmilla|spd|1\n|move|p2b: Manolo|Wood Hammer|p1a: Chi-Yu\n|-damage|p1a: Chi-Yu|0 fnt\n|faint|p1a: Chi-Yu\n|-damage|p2b: Manolo|56/100|[from] Recoil\n|\n|-heal|p2a: Carmilla|100/100|[from] Grassy Terrain\n|-heal|p2b: Manolo|62/100|[from] Grassy Terrain\n|upkeep\n|\n|t:|1745948057\n|switch|p1a: Miraidon|Miraidon, L50|100/100\n|-fieldstart|move: Electric Terrain|[from] ability: Hadron Engine|[of] p1a: Miraidon\n|turn|2\n|\n|t:|1745948078\n|switch|p2b: Hispasat|Farigiraf, L50, M, shiny|100/100\n|move|p1b: Whimsicott|Encore||[still]\n|cant|p2b: Hispasat|ability: Armor Tail|Encore|[of] p1b: Whimsicott\n|move|p1a: Miraidon|Electro Drift|p2a: Carmilla\n|-damage|p2a: Carmilla|66/100\n|move|p2a: Carmilla|Moongeist Beam|p1b: Whimsicott\n|-damage|p1b: Whimsicott|37/100\n|\n|-heal|p2a: Carmilla|72/100|[from] item: Leftovers\n|upkeep\n|turn|3\n|\n|t:|1745948098\n|switch|p2b: Manolo|Rillaboom, L50, M|62/100\n|-fieldstart|move: Grassy Terrain|[from] ability: Grassy Surge|[of] p2b: Manolo\n|move|p1b: Whimsicott|Light Screen|p1b: Whimsicott\n|-sidestart|p1: Gonsute|move: Light Screen\n|move|p1a: Miraidon|Electro Drift|p2b: Manolo\n|-resisted|p2b: Manolo\n|-damage|p2b: Manolo|33/100\n|move|p2a: Carmilla|Calm Mind|p2a: Carmilla\n|-boost|p2a: Carmilla|spa|1\n|-boost|p2a: Carmilla|spd|1\n|\n|-heal|p1b: Whimsicott|43/100|[from] Grassy Terrain\n|-heal|p2a: Carmilla|78/100|[from] Grassy Terrain\n|-heal|p2a: Carmilla|84/100|[from] item: Leftovers\n|-heal|p2b: Manolo|39/100|[from] Grassy Terrain\n|upkeep\n|turn|4\n|\n|t:|1745948121\n|switch|p1a: Lunala|Lunala, L50|100/100\n|switch|p2b: Hispasat|Farigiraf, L50, M, shiny|100/100\n|move|p1b: Whimsicott|Encore||[still]\n|cant|p2b: Hispasat|ability: Armor Tail|Encore|[of] p1b: Whimsicott\n|move|p2a: Carmilla|Moonblast|p1a: Lunala\n|-damage|p1a: Lunala|83/100\n|\n|-heal|p1b: Whimsicott|49/100|[from] Grassy Terrain\n|-heal|p2a: Carmilla|90/100|[from] Grassy Terrain\n|-heal|p2a: Carmilla|96/100|[from] item: Leftovers\n|-heal|p1a: Lunala|89/100|[from] Grassy Terrain\n|upkeep\n|turn|5\n|-message|Gonsute forfeited.\n|\n|win|moth.o\n|raw|Gonsute's rating: 1166 &rarr; <strong>1140</strong><br />(-26 for losing)\n|raw|moth.o's rating: 1149 &rarr; <strong>1175</strong><br />(+26 for winning)\n|l|\u2606Gonsute\n|player|p1|\n|l|\u2606moth.o\n|player|p2|\n|j|\u2606moth.o\n|player|p2|moth.o|roxie|\n", "uploadtime": 1745948189, "views": 14, "formatid": "gen9vgc2025regibo3", "rating": 1140, "private": 0, "password": null}