{"id": "gen9vgc2025regibo3-2353676782", "format": "[Gen 9] VGC 2025 Reg I (Bo3)", "players": ["practicesemijrlman", "We_Are_Toasted"], "log": "|j|\u2606practicesemijrlman\n|j|\u2606We_Are_Toasted\n|html|<table width=\"100%\"><tr><td align=\"left\">practicesemijrlman</td><td align=\"right\">We_Are_Toasted</tr><tr><td align=\"left\"><i class=\"fa fa-circle\"></i> <i class=\"fa fa-circle-o\"></i> </td><td align=\"right\"><i class=\"fa fa-circle-o\"></i> <i class=\"fa fa-circle-o\"></i> </tr></table>\n|uhtml|bestof|<h2><strong>Game 2</strong> of <a href=\"/game-bestof3-gen9vgc2025regibo3-2353674593\">a best-of-3</a></h2>\n|t:|1745982295\n|gametype|doubles\n|player|p1|practicesemijrlman|lucas|1299\n|player|p2|We_Are_Toasted|larry|1272\n|teamsize|p1|6\n|teamsize|p2|6\n|gen|9\n|tier|[Gen 9] VGC 2025 Reg I (Bo3)\n|rated|\n|rule|Species Clause: Limit one of each Pok\u00e9mon\n|rule|Item Clause: Limit 1 of each item\n|clearpoke\n|poke|p1|Zacian-*, L50|\n|poke|p1|Chien-Pao, L50|\n|poke|p1|Kyogre, L50|\n|poke|p1|Tornadus, L50, M|\n|poke|p1|Iron Bundle, L50|\n|poke|p1|Raichu, L50, F|\n|poke|p2|Miraidon, L50|\n|poke|p2|Grimmsnarl, L50, M|\n|poke|p2|Iron Hands, L50|\n|poke|p2|Lunala, L50|\n|poke|p2|Chi-Yu, L50|\n|poke|p2|Ursaluna, L50, M|\n|teampreview|4\n|showteam|p1|Zacian-Crowned||RustedSword|IntrepidSword|behemothblade,PlayRough,SacredSword,Protect||||||50|,,,,,Fire]Chien-Pao||FocusSash|SwordofRuin|SuckerPunch,IceSpinner,SacredSword,Protect||||||50|,,,,,Ghost]Kyogre||ChoiceSpecs|Drizzle|WaterSpout,HydroPump,OriginPulse,IceBeam||||||50|,,,,,Water]Tornadus||CovertCloak|Prankster|BleakwindStorm,Taunt,RainDance,Tailwind|||M|||50|,,,,,Steel]Iron Bundle||BoosterEnergy|QuarkDrive|Encore,IcyWind,FreezeDry,Protect||||||50|,,,,,Ghost]Raichu||AssaultVest|LightningRod|Electroweb,FakeOut,Nuzzle,Feint|||F|||50|,,,,,Water\n|showteam|p2|Miraidon||ChoiceSpecs|HadronEngine|VoltSwitch,DracoMeteor,ElectroDrift,DazzlingGleam||||||50|,,,,,Fairy]Grimmsnarl||LightClay|Prankster|LightScreen,Reflect,ThunderWave,SpiritBreak|||M|||50|,,,,,Ghost]Iron Hands||AssaultVest|QuarkDrive|DrainPunch,FakeOut,WildCharge,LowKick||||||50|,,,,,Bug]Lunala||PowerHerb|ShadowShield|MoongeistBeam,MeteorBeam,WideGuard,TrickRoom||||||50|,,,,,Water]Chi-Yu||ChoiceScarf|BeadsofRuin|Snarl,HeatWave,DarkPulse,Overheat||||||50|,,,,,Ghost]Ursaluna||FlameOrb|Guts|Facade,HeadlongRush,Earthquake,Protect|||M|||50|,,,,,Ghost\n|inactive|Battle timer is ON: inactive players will automatically lose when time's up. (requested by practicesemijrlman)\n|inactive|We_Are_Toasted has 60 seconds left.\n|inactive|We_Are_Toasted has 30 seconds left.\n|\n|t:|1745982361\n|start\n|switch|p1a: Iron Bundle|Iron Bundle, L50|100/100\n|switch|p1b: Kyogre|Kyogre, L50|100/100\n|switch|p2a: Miraidon|Miraidon, L50|100/100\n|switch|p2b: Lunala|Lunala, L50|100/100\n|-fieldstart|move: Electric Terrain|[from] ability: Hadron Engine|[of] p2a: Miraidon\n|-activate|p1a: Iron Bundle|ability: Quark Drive\n|-start|p1a: Iron Bundle|quarkdrivespe\n|-weather|RainDance|[from] ability: Drizzle|[of] p1b: Kyogre\n|turn|1\n|inactive|practicesemijrlman has 30 seconds left.\n|inactive|We_Are_Toasted has 30 seconds left.\n|inactive|We_Are_Toasted has 20 seconds left.\n|inactive|We_Are_Toasted has 15 seconds left.\n|\n|t:|1745982402\n|-terastallize|p2a: Miraidon|Fairy\n|-terastallize|p1b: Kyogre|Water\n|move|p1a: Iron Bundle|Icy Wind|p2b: Lunala|[spread] p2a,p2b\n|-damage|p2a: Miraidon|85/100\n|-damage|p2b: Lunala|93/100\n|-unboost|p2a: Miraidon|spe|1\n|-unboost|p2b: Lunala|spe|1\n|move|p1b: Kyogre|Water Spout|p2b: Lunala|[spread] p2a,p2b\n|-damage|p2a: Miraidon|0 fnt\n|-damage|p2b: Lunala|0 fnt\n|faint|p2a: Miraidon\n|faint|p2b: Lunala\n|\n|-weather|RainDance|[upkeep]\n|upkeep\n|-message|We_Are_Toasted forfeited.\n|\n|win|practicesemijrlman\n|raw|practicesemijrlman's rating: 1299 &rarr; <strong>1322</strong><br />(+23 for winning)\n|raw|We_Are_Toasted's rating: 1272 &rarr; <strong>1249</strong><br />(-23 for losing)\n|l|\u2606We_Are_Toasted\n|player|p2|\n", "uploadtime": 1745982428, "views": 29, "formatid": "gen9vgc2025regibo3", "rating": 1249, "private": 0, "password": null}