{"id": "gen9vgc2025regibo3-2353976450", "format": "[Gen 9] VGC 2025 Reg I (Bo3)", "players": ["Hunterhexin", "PIERRYPKT"], "log": "|j|\u2606Hunterhexin\n|j|\u2606PIERRYPKT\n|html|<table width=\"100%\"><tr><td align=\"left\">Hunterhexin</td><td align=\"right\">PIERRYPKT</tr><tr><td align=\"left\"><i class=\"fa fa-circle-o\"></i> <i class=\"fa fa-circle-o\"></i> </td><td align=\"right\"><i class=\"fa fa-circle-o\"></i> <i class=\"fa fa-circle-o\"></i> </tr></table>\n|uhtml|bestof|<h2><strong>Game 1</strong> of <a href=\"/game-bestof3-gen9vgc2025regibo3-2353976449\">a best-of-3</a></h2>\n|t:|1746024254\n|gametype|doubles\n|player|p1|Hunterhexin|170|1054\n|player|p2|PIERRYPKT|benga|1030\n|teamsize|p1|6\n|teamsize|p2|6\n|gen|9\n|tier|[Gen 9] VGC 2025 Reg I (Bo3)\n|rated|\n|rule|Species Clause: Limit one of each Pok\u00e9mon\n|rule|Item Clause: Limit 1 of each item\n|clearpoke\n|poke|p1|Koraidon, L50|\n|poke|p1|Weezing-Galar, L50, F|\n|poke|p1|Electrode-Hisui, L50|\n|poke|p1|Miraidon, L50|\n|poke|p1|Iron Boulder, L50|\n|poke|p1|Incineroar, L50, M|\n|poke|p2|Groudon, L50|\n|poke|p2|Ho-Oh, L50|\n|poke|p2|Moltres, L50|\n|poke|p2|Incineroar, L50, M|\n|poke|p2|Raging Bolt, L50|\n|poke|p2|Sinistcha-Masterpiece, L50|\n|teampreview|4\n|showteam|p1|Koraidon||Leftovers|OrichalcumPulse|FlareBlitz,ZenHeadbutt,CollisionCourse,Protect||||||50|,,,,,Steel]Weezing-Galar||ChoiceSpecs|NeutralizingGas|Overheat,StrangeSteam,SludgeBomb,DarkPulse|||F|||50|,,,,,Fire]Electrode-Hisui||CovertCloak|Aftermath|Reflect,Electroweb,ThunderWave,FoulPlay||||||50|,,,,,Normal]Miraidon||ElectricSeed|HadronEngine|ElectroDrift,DragonPulse,Protect,ThunderWave||||||50|,,,,,Poison]Iron Boulder||ChoiceBand|QuarkDrive|MightyCleave,SolarBlade,ThroatChop,CloseCombat||||||50|,,,,,Dark]Incineroar||AguavBerry|Intimidate|KnockOff,FakeOut,FlareBlitz,PartingShot|||M|||50|,,,,,Ghost\n|showteam|p2|Groudon||AssaultVest|Drought|ThunderPunch,PrecipiceBlades,HighHorsepower,FirePunch||||||50|,,,,,Water]Ho-Oh||ClearAmulet|Regenerator|BraveBird,SacredFire,Protect,Tailwind||||||50|,,,,,Grass]Moltres||FocusSash|FlameBody|HeatWave,Hurricane,Safeguard,Tailwind||||||50|,,,,,Fire]Incineroar||SafetyGoggles|Intimidate|FlareBlitz,FakeOut,PartingShot,KnockOff|||M|||50|,,,,,Steel]Raging Bolt||LifeOrb|Protosynthesis|DracoMeteor,Thunderbolt,Thunderclap,Protect||||||50|,,,,,Fairy]Sinistcha-Masterpiece||Leftovers|Hospitality|MatchaGotcha,Protect,GigaDrain,Scald||||||50|,,,,,Fairy\n|\n|t:|1746024294\n|start\n|switch|p1a: Weezing|Weezing-Galar, L50, F|100/100\n|switch|p1b: Incineroar|Incineroar, L50, M|100/100\n|switch|p2a: Sinistcha|Sinistcha-Masterpiece, L50|100/100\n|switch|p2b: Raging Bolt|Raging Bolt, L50|100/100\n|-ability|p1a: Weezing|Neutralizing Gas\n|turn|1\n|\n|t:|1746024338\n|-terastallize|p2a: Sinistcha|Fairy\n|move|p1b: Incineroar|Fake Out|p2b: Raging Bolt\n|-damage|p2b: Raging Bolt|90/100\n|move|p1a: Weezing|Sludge Bomb|p2a: Sinistcha\n|-supereffective|p2a: Sinistcha\n|-damage|p2a: Sinistcha|12/100\n|-status|p2a: Sinistcha|psn\n|cant|p2b: Raging Bolt|flinch\n|move|p2a: Sinistcha|Scald|p1b: Incineroar\n|-supereffective|p1b: Incineroar\n|-damage|p1b: Incineroar|59/100\n|\n|-heal|p2a: Sinistcha|18/100 psn|[from] item: Leftovers\n|-damage|p2a: Sinistcha|6/100 psn|[from] psn\n|upkeep\n|turn|2\n|\n|t:|1746024366\n|switch|p2a: Groudon|Groudon, L50|100/100\n|move|p1a: Weezing|Sludge Bomb|p2a: Groudon\n|-resisted|p2a: Groudon\n|-damage|p2a: Groudon|86/100\n|-status|p2a: Groudon|psn\n|move|p2b: Raging Bolt|Thunderbolt|p1b: Incineroar\n|-damage|p1b: Incineroar|0 fnt\n|faint|p1b: Incineroar\n|-damage|p2b: Raging Bolt|80/100|[from] item: Life Orb\n|\n|-damage|p2a: Groudon|74/100 psn|[from] psn\n|upkeep\n|\n|t:|1746024380\n|switch|p1b: Miraidon|Miraidon, L50|100/100\n|turn|3\n|\n|t:|1746024395\n|move|p1b: Miraidon|Protect|p1b: Miraidon\n|-singleturn|p1b: Miraidon|Protect\n|move|p2a: Groudon|High Horsepower|p1b: Miraidon\n|-activate|p1b: Miraidon|move: Protect\n|move|p1a: Weezing|Sludge Bomb|p2b: Raging Bolt\n|-damage|p2b: Raging Bolt|36/100\n|-status|p2b: Raging Bolt|psn\n|move|p2b: Raging Bolt|Draco Meteor|p1b: Miraidon\n|-activate|p1b: Miraidon|move: Protect\n|\n|-damage|p2a: Groudon|62/100 psn|[from] psn\n|-damage|p2b: Raging Bolt|24/100 psn|[from] psn\n|upkeep\n|turn|4\n|-message|PIERRYPKT forfeited.\n|raw|Hunterhexin's rating: 1054 &rarr; <strong>1084</strong><br />(+30 for winning)\n|raw|PIERRYPKT's rating: 1030 &rarr; <strong>1017</strong><br />(-13 for losing)\n|\n|win|Hunterhexin\n|l|\u2606PIERRYPKT\n|player|p2|\n|l|\u2606Hunterhexin\n|player|p1|\n", "uploadtime": 1746024751, "views": 22, "formatid": "gen9vgc2025regibo3", "rating": 1017, "private": 0, "password": null}