{"id": "gen9vgc2025regibo3-2354398219", "format": "[Gen 9] VGC 2025 Reg I (Bo3)", "players": ["thetestingpokemonz", "The Final Don"], "log": "|j|\u2606thetestingpokemonz\n|j|\u2606The Final Don\n|html|<table width=\"100%\"><tr><td align=\"left\">thetestingpokemonz</td><td align=\"right\">The Final Don</tr><tr><td align=\"left\"><i class=\"fa fa-circle\"></i> <i class=\"fa fa-circle-o\"></i> </td><td align=\"right\"><i class=\"fa fa-circle-o\"></i> <i class=\"fa fa-circle\"></i> </tr></table>\n|uhtml|bestof|<h2><strong>Game 3</strong> of <a href=\"/game-bestof3-gen9vgc2025regibo3-2354395999\">a best-of-3</a></h2>\n|t:|1746066460\n|gametype|doubles\n|player|p1|thetestingpokemonz|lucas|1218\n|player|p2|The Final Don|miku-fairy|1257\n|teamsize|p1|6\n|teamsize|p2|6\n|gen|9\n|tier|[Gen 9] VGC 2025 Reg I (Bo3)\n|rated|\n|rule|Species Clause: Limit one of each Pok\u00e9mon\n|rule|Item Clause: Limit 1 of each item\n|clearpoke\n|poke|p1|Calyrex-Shadow, L50|\n|poke|p1|Miraidon, L50|\n|poke|p1|Chi-Yu, L50|\n|poke|p1|Incineroar, L50, M|\n|poke|p1|Tornadus, L50, M|\n|poke|p1|Ogerpon-Cornerstone, L50, F|\n|poke|p2|Groudon, L50|\n|poke|p2|Zacian-*, L50|\n|poke|p2|Chien-Pao, L50|\n|poke|p2|Entei, L50|\n|poke|p2|Raging Bolt, L50|\n|poke|p2|Walking Wake, L50|\n|teampreview|4\n|showteam|p1|Calyrex-Shadow||FocusSash|AsOneSpectrier|AstralBarrage,PollenPuff,NastyPlot,Protect||||||50|,,,,,Ghost]Miraidon||CovertCloak|HadronEngine|ElectroDrift,DazzlingGleam,DragonPulse,Protect||||||50|,,,,,Fairy]Chi-Yu||ChoiceScarf|BeadsofRuin|HeatWave,Snarl,DarkPulse,Overheat||||||50|,,,,,Ghost]Incineroar||RockyHelmet|Intimidate|FakeOut,WillOWisp,KnockOff,HelpingHand|||M|||50|,,,,,Ghost]Tornadus||MentalHerb|Prankster|Tailwind,SunnyDay,BleakwindStorm,Protect|||M|||50|,,,,,Ghost]Ogerpon-Cornerstone||CornerstoneMask|Sturdy|IvyCudgel,FollowMe,WoodHammer,SpikyShield|||F|||50|,,,,,Rock\n|showteam|p2|Groudon||ClearAmulet|Drought|PrecipiceBlades,HighHorsepower,HeatCrash,Protect||||||50|,,,,,Fire]Zacian-Crowned||RustedSword|IntrepidSword|behemothblade,PlayRough,SacredSword,Protect||||||50|,,,,,Fairy]Chien-Pao||FocusSash|SwordofRuin|SuckerPunch,ThroatChop,IceSpinner,Protect||||||50|,,,,,Ghost]Entei||ChoiceBand|InnerFocus|ExtremeSpeed,SacredFire,FlareBlitz,StoneEdge||||||50|,,,,,Normal]Raging Bolt||AssaultVest|Protosynthesis|Thunderclap,Thunderbolt,DracoMeteor,Electroweb||||||50|,,,,,Bug]Walking Wake||LifeOrb|Protosynthesis|HydroSteam,DragonPulse,Snarl,Protect||||||50|,,,,,Ghost\n|inactive|Battle timer is ON: inactive players will automatically lose when time's up. (requested by The Final Don)\n|\n|t:|1746066486\n|start\n|switch|p1a: Wind of|Tornadus, L50, M, shiny|100/100\n|switch|p1b: Mr Don|Miraidon, L50|100/100\n|switch|p2a: Chien-Pao|Chien-Pao, L50|100/100\n|switch|p2b: Entei|Entei, L50|100/100\n|-fieldstart|move: Electric Terrain|[from] ability: Hadron Engine|[of] p1b: Mr Don\n|-ability|p2a: Chien-Pao|Sword of Ruin\n|turn|1\n|\n|t:|1746066505\n|switch|p2b: Raging Bolt|Raging Bolt, L50|100/100\n|move|p1a: Wind of|Tailwind|p1a: Wind of\n|-sidestart|p1: thetestingpokemonz|move: Tailwind\n|move|p1b: Mr Don|Dazzling Gleam|p2b: Raging Bolt|[spread] p2a,p2b\n|-supereffective|p2a: Chien-Pao\n|-supereffective|p2b: Raging Bolt\n|-damage|p2a: Chien-Pao|6/100\n|-damage|p2b: Raging Bolt|71/100\n|move|p2a: Chien-Pao|Ice Spinner|p1b: Mr Don\n|-supereffective|p1b: Mr Don\n|-damage|p1b: Mr Don|0 fnt\n|-fieldend|move: Electric Terrain\n|faint|p1b: Mr Don\n|\n|upkeep\n|\n|t:|1746066510\n|switch|p1b: The horse|Calyrex-Shadow, L50|100/100\n|-ability|p1b: The horse|As One\n|-ability|p1b: The horse|Unnerve\n|turn|2\n|\n|t:|1746066521\n|move|p1b: The horse|Protect|p1b: The horse\n|-singleturn|p1b: The horse|Protect\n|move|p2a: Chien-Pao|Protect|p2a: Chien-Pao\n|-singleturn|p2a: Chien-Pao|Protect\n|move|p1a: Wind of|Bleakwind Storm|p2a: Chien-Pao|[spread] p2b\n|-activate|p2a: Chien-Pao|move: Protect\n|-resisted|p2b: Raging Bolt\n|-damage|p2b: Raging Bolt|61/100\n|move|p2b: Raging Bolt|Electroweb|p1a: Wind of|[spread] p1a\n|-activate|p1b: The horse|move: Protect\n|-supereffective|p1a: Wind of\n|-damage|p1a: Wind of|52/100\n|-unboost|p1a: Wind of|spe|1\n|\n|upkeep\n|turn|3\n|inactive|thetestingpokemonz has 30 seconds left.\n|\n|t:|1746066549\n|switch|p1a: Uka uka|Ogerpon-Cornerstone, L50, F|100/100\n|-terastallize|p1b: The horse|Ghost\n|move|p2a: Chien-Pao|Sucker Punch|p1b: The horse\n|-supereffective|p1b: The horse\n|-enditem|p1b: The horse|Focus Sash\n|-damage|p1b: The horse|1/100\n|move|p1b: The horse|Astral Barrage|p2a: Chien-Pao|[spread] p2a,p2b\n|-resisted|p2a: Chien-Pao\n|-damage|p2a: Chien-Pao|0 fnt\n|-damage|p2b: Raging Bolt|22/100\n|faint|p2a: Chien-Pao\n|-ability|p1b: The horse|Grim Neigh|boost\n|-boost|p1b: The horse|spa|1\n|move|p2b: Raging Bolt|Electroweb|p1a: Uka uka|[spread] p1a,p1b\n|-resisted|p1a: Uka uka\n|-damage|p1a: Uka uka|88/100\n|-damage|p1b: The horse|0 fnt\n|-unboost|p1a: Uka uka|spe|1\n|faint|p1b: The horse\n|\n|upkeep\n|\n|t:|1746066561\n|switch|p1b: Wind of|Tornadus, L50, M, shiny|52/100\n|switch|p2a: Zacian|Zacian-Crowned, L50|100/100\n|-ability|p2a: Zacian|Intrepid Sword|boost\n|-boost|p2a: Zacian|atk|1\n|turn|4\n|-message|thetestingpokemonz forfeited.\n|\n|win|The Final Don\n|raw|thetestingpokemonz's rating: 1218 &rarr; <strong>1196</strong><br />(-22 for losing)\n|raw|The Final Don's rating: 1257 &rarr; <strong>1279</strong><br />(+22 for winning)\n|l|\u2606thetestingpokemonz\n|player|p1|\n", "uploadtime": 1746066637, "views": 13, "formatid": "gen9vgc2025regibo3", "rating": 1196, "private": 0, "password": null}