{"id": "gen9vgc2025regibo3-2353549127", "format": "[Gen 9] VGC 2025 Reg I (Bo3)", "players": ["jahreed", "The Final Don"], "log": "|j|\u2606jahreed\n|j|\u2606The Final Don\n|html|<table width=\"100%\"><tr><td align=\"left\">jahreed</td><td align=\"right\">The Final Don</tr><tr><td align=\"left\"><i class=\"fa fa-circle-o\"></i> <i class=\"fa fa-circle-o\"></i> </td><td align=\"right\"><i class=\"fa fa-circle-o\"></i> <i class=\"fa fa-circle-o\"></i> </tr></table>\n|uhtml|bestof|<h2><strong>Game 1</strong> of <a href=\"/game-bestof3-gen9vgc2025regibo3-2353549126\">a best-of-3</a></h2>\n|t:|1745967106\n|gametype|doubles\n|player|p1|jahreed|pryce|1157\n|player|p2|The Final Don|miku-fairy|1284\n|teamsize|p1|6\n|teamsize|p2|6\n|gen|9\n|tier|[Gen 9] VGC 2025 Reg I (Bo3)\n|rated|\n|rule|Species Clause: Limit one of each Pok\u00e9mon\n|rule|Item Clause: Limit 1 of each item\n|clearpoke\n|poke|p1|Zamazenta-*, L50|\n|poke|p1|Calyrex-Shadow, L50|\n|poke|p1|Tornadus, L50, M|\n|poke|p1|Urshifu-*, L50, M|\n|poke|p1|Rillaboom, L50, M|\n|poke|p1|Chien-Pao, L50|\n|poke|p2|Groudon, L50|\n|poke|p2|Zacian-*, L50|\n|poke|p2|Chien-Pao, L50|\n|poke|p2|Entei, L50|\n|poke|p2|Raging Bolt, L50|\n|poke|p2|Walking Wake, L50|\n|teampreview|4\n|showteam|p1|Zamazenta-Crowned||RustedShield|DauntlessShield|BodyPress,behemothbash,WideGuard,Protect||||||50|,,,,,Ghost]Calyrex-Shadow||LifeOrb|AsOneSpectrier|AstralBarrage,Psychic,DarkPulse,Protect||||||50|,,,,,Dark]Tornadus||CovertCloak|Prankster|BleakwindStorm,Tailwind,RainDance,Protect|||M|||50|,,,,,Dark]Urshifu-Rapid-Strike||MysticWater|UnseenFist|SurgingStrikes,Taunt,AquaJet,Detect|||M|||50|,,,,,Water]Rillaboom||AssaultVest|GrassySurge|WoodHammer,GrassyGlide,Uturn,FakeOut|||M|||50|,,,,,Fire]Chien-Pao||FocusSash|SwordofRuin|SuckerPunch,SacredSword,IcicleCrash,Protect||||||50|,,,,,Ghost\n|showteam|p2|Groudon||ClearAmulet|Drought|PrecipiceBlades,HighHorsepower,HeatCrash,Protect||||||50|,,,,,Fire]Zacian-Crowned||RustedSword|IntrepidSword|behemothblade,PlayRough,SacredSword,Protect||||||50|,,,,,Fairy]Chien-Pao||FocusSash|SwordofRuin|SuckerPunch,ThroatChop,IceSpinner,Protect||||||50|,,,,,Ghost]Entei||ChoiceBand|InnerFocus|ExtremeSpeed,SacredFire,FlareBlitz,StoneEdge||||||50|,,,,,Normal]Raging Bolt||AssaultVest|Protosynthesis|Thunderclap,Thunderbolt,DracoMeteor,Electroweb||||||50|,,,,,Bug]Walking Wake||LifeOrb|Protosynthesis|HydroSteam,DragonPulse,Snarl,Protect||||||50|,,,,,Ghost\n|inactive|Battle timer is ON: inactive players will automatically lose when time's up. (requested by The Final Don)\n|inactive|jahreed also wants the timer to be on.\n|inactive|The Final Don has 60 seconds left.\n|inactive|jahreed has 60 seconds left.\n|\n|t:|1745967157\n|start\n|switch|p1a: Tornadus|Tornadus, L50, M|100/100\n|switch|p1b: Urshifu|Urshifu-Rapid-Strike, L50, M|100/100\n|switch|p2a: Zacian|Zacian-Crowned, L50|100/100\n|switch|p2b: Raging Bolt|Raging Bolt, L50|100/100\n|-ability|p2a: Zacian|Intrepid Sword|boost\n|-boost|p2a: Zacian|atk|1\n|turn|1\n|inactive|jahreed has 30 seconds left.\n|inactive|jahreed has 20 seconds left.\n|inactive|jahreed has 15 seconds left.\n|\n|t:|1745967198\n|switch|p1b: Zamazenta|Zamazenta-Crowned, L50|100/100\n|-ability|p1b: Zamazenta|Dauntless Shield|boost\n|-boost|p1b: Zamazenta|def|1\n|move|p1a: Tornadus|Tailwind|p1a: Tornadus\n|-sidestart|p1: jahreed|move: Tailwind\n|move|p2b: Raging Bolt|Thunderclap||[still]\n|-fail|p2b: Raging Bolt\n|move|p2a: Zacian|Behemoth Blade|p1a: Tornadus\n|-damage|p1a: Tornadus|10/100\n|\n|upkeep\n|turn|2\n|\n|t:|1745967219\n|switch|p1a: Urshifu|Urshifu-Rapid-Strike, L50, M|100/100\n|move|p1b: Zamazenta|Body Press|p2b: Raging Bolt\n|-damage|p2b: Raging Bolt|46/100\n|move|p2a: Zacian|Sacred Sword|p1b: Zamazenta\n|-supereffective|p1b: Zamazenta\n|-damage|p1b: Zamazenta|45/100\n|move|p2b: Raging Bolt|Electroweb|p1b: Zamazenta|[spread] p1a,p1b\n|-supereffective|p1a: Urshifu\n|-damage|p1a: Urshifu|41/100\n|-damage|p1b: Zamazenta|25/100\n|-unboost|p1a: Urshifu|spe|1\n|-unboost|p1b: Zamazenta|spe|1\n|\n|upkeep\n|turn|3\n|\n|t:|1745967242\n|switch|p1a: Tornadus|Tornadus, L50, M|10/100\n|move|p2b: Raging Bolt|Thunderclap|p1b: Zamazenta\n|-damage|p1b: Zamazenta|0 fnt\n|faint|p1b: Zamazenta\n|move|p2a: Zacian|Sacred Sword|p1a: Tornadus\n|-resisted|p1a: Tornadus\n|-damage|p1a: Tornadus|0 fnt\n|faint|p1a: Tornadus\n|\n|upkeep\n|-message|jahreed forfeited.\n|\n|win|The Final Don\n|l|\u2606jahreed\n|player|p1|\n||The Final Don is ready for game 2.\n||jahreed is ready for game 2.\n|uhtml|next|Next: <a href=\"/battle-gen9vgc2025regibo3-2353550376\"><strong>Game 2 of 3</strong></a>\n|j|\u2606jahreed\n|player|p1|jahreed|pryce|\n", "uploadtime": 1745967474, "views": 54, "formatid": "gen9vgc2025regibo3", "rating": null, "private": 0, "password": null}