{"id": "gen9vgc2025regibo3-2354990309", "format": "[Gen 9] VGC 2025 Reg I (Bo3)", "players": ["silverserpentine", "is_katabo"], "log": "|j|\u2606silverserpentine\n|j|\u2606is_katabo\n|html|<table width=\"100%\"><tr><td align=\"left\">silverserpentine</td><td align=\"right\">is_katabo</tr><tr><td align=\"left\"><i class=\"fa fa-circle-o\"></i> <i class=\"fa fa-circle-o\"></i> </td><td align=\"right\"><i class=\"fa fa-circle-o\"></i> <i class=\"fa fa-circle\"></i> </tr></table>\n|uhtml|bestof|<h2><strong>Game 2</strong> of <a href=\"/game-bestof3-gen9vgc2025regibo3-2354988463\">a best-of-3</a></h2>\n|t:|1746139326\n|gametype|doubles\n|player|p1|silverserpentine|sabrina|1182\n|player|p2|is_katabo|1|1199\n|teamsize|p1|6\n|teamsize|p2|6\n|gen|9\n|tier|[Gen 9] VGC 2025 Reg I (Bo3)\n|rated|\n|rule|Species Clause: Limit one of each Pok\u00e9mon\n|rule|Item Clause: Limit 1 of each item\n|clearpoke\n|poke|p1|Zacian-*, L50|\n|poke|p1|Miraidon, L50|\n|poke|p1|Iron Valiant, L50|\n|poke|p1|Iron Hands, L50|\n|poke|p1|Ogerpon-Hearthflame, L50, F|\n|poke|p1|Farigiraf, L50, F|\n|poke|p2|Koraidon, L50|\n|poke|p2|Calyrex-Shadow, L50|\n|poke|p2|Chi-Yu, L50|\n|poke|p2|Indeedee-F, L50, F|\n|poke|p2|Brute Bonnet, L50|\n|poke|p2|Flutter Mane, L50|\n|teampreview|4\n|showteam|p1|Zacian-Crowned||RustedSword|IntrepidSword|PlayRough,behemothblade,TeraBlast,Protect||||||50|,,,,,Ground]Miraidon||ChoiceSpecs|HadronEngine|ElectroDrift,VoltSwitch,DazzlingGleam,DracoMeteor||||||50|,,,,,Fairy]Iron Valiant||FocusSash|QuarkDrive|Coaching,WideGuard,SpiritBreak,CloseCombat||||||50|,,,,,Ghost]Iron Hands||AssaultVest|QuarkDrive|DrainPunch,WildCharge,FakeOut,LowKick||||||50|,,,,,Bug]Ogerpon-Hearthflame||HearthflameMask|MoldBreaker|IvyCudgel,WoodHammer,FollowMe,SpikyShield|||F|||50|,,,,,Fire]Farigiraf||ElectricSeed|ArmorTail|HelpingHand,FoulPlay,TrickRoom,Psychic|||F|||50|,,,,,Water\n|showteam|p2|Koraidon||ClearAmulet|OrichalcumPulse|CollisionCourse,FlareBlitz,FlameCharge,Protect||||||50|,,,,,Fire]Calyrex-Shadow||FocusSash|AsOneSpectrier|AstralBarrage,ExpandingForce,ShadowBall,Protect||||||50|,,,,,Ghost]Chi-Yu||ChoiceScarf|BeadsofRuin|DarkPulse,Snarl,HeatWave,Overheat||||||50|,,,,,Ghost]Indeedee-F||RockyHelmet|PsychicSurge|Psychic,FollowMe,HelpingHand,TrickRoom|||F|||50|,,,,,Water]Brute Bonnet||CovertCloak|Protosynthesis|SeedBomb,SuckerPunch,RagePowder,Spore||||||50|,,,,,Fairy]Flutter Mane||BoosterEnergy|Protosynthesis|Moonblast,IcyWind,Taunt,Protect||||||50|,,,,,Water\n|inactive|Battle timer is ON: inactive players will automatically lose when time's up. (requested by silverserpentine)\n|j| Tempest brute\n|j| Graffiti Boy\n|j| UGCL\n|inactive|is_katabo has 60 seconds left.\n|c|\u2606is_katabo|wtf\n|j| SnailMoth\n|l| Graffiti Boy\n|j| a7xvgc\n|\n|t:|1746139380\n|start\n|switch|p1a: Iron Hands|Iron Hands, L50|100/100\n|switch|p1b: Miraidon|Miraidon, L50|100/100\n|switch|p2a: Jockey|Calyrex-Shadow, L50|100/100\n|switch|p2b: Ghast|Flutter Mane, L50|100/100\n|-ability|p2a: Jockey|As One\n|-ability|p2a: Jockey|Unnerve\n|-fieldstart|move: Electric Terrain|[from] ability: Hadron Engine|[of] p1b: Miraidon\n|-activate|p1a: Iron Hands|ability: Quark Drive\n|-start|p1a: Iron Hands|quarkdriveatk\n|-enditem|p2b: Ghast|Booster Energy\n|-activate|p2b: Ghast|ability: Protosynthesis|[fromitem]\n|-start|p2b: Ghast|protosynthesisspe\n|turn|1\n|c| UGCL|what\n|l| a7xvgc\n|l| SnailMoth\n|j| wizzpoower\n|c| UGCL|chicken jockey\n|c|\u2606is_katabo|why are so many ppl here\n|j| SnailMoth\n|c| UGCL|we are here for chicken jockey\n|inactive|is_katabo has 30 seconds left.\n|j| LouisTsang25\n|j| HDX4\n|c| SnailMoth|yo is that chicken jockey\n|inactive|is_katabo has 20 seconds left.\n|inactive|is_katabo has 15 seconds left.\n|\n|t:|1746139422\n|switch|p1b: Farigiraf|Farigiraf, L50, F|100/100\n|-enditem|p1b: Farigiraf|Electric Seed\n|-boost|p1b: Farigiraf|def|1|[from] item: Electric Seed\n|-terastallize|p2a: Jockey|Ghost\n|move|p2b: Ghast|Moonblast|p1b: Farigiraf\n|-damage|p1b: Farigiraf|65/100\n|move|p2a: Jockey|Astral Barrage|p1a: Iron Hands|[spread] p1a\n|-immune|p1b: Farigiraf\n|-damage|p1a: Iron Hands|61/100\n|move|p1a: Iron Hands|Wild Charge|p2a: Jockey\n|-damage|p2a: Jockey|2/100\n|-damage|p1a: Iron Hands|43/100|[from] Recoil\n|\n|upkeep\n|turn|2\n|j| hyperfern\n|c|\u2606silverserpentine|yes it is chicken jockey\n|\n|t:|1746139443\n|move|p2a: Jockey|Protect|p2a: Jockey\n|-singleturn|p2a: Jockey|Protect\n|move|p2b: Ghast|Taunt|p1b: Farigiraf\n|-start|p1b: Farigiraf|move: Taunt\n|move|p1b: Farigiraf|Foul Play|p2a: Jockey\n|-activate|p2a: Jockey|move: Protect\n|move|p1a: Iron Hands|Wild Charge|p2a: Jockey\n|-activate|p2a: Jockey|move: Protect\n|\n|upkeep\n|turn|3\n|l| hyperfern\n|\n|t:|1746139463\n|move|p2b: Ghast|Moonblast|p1b: Farigiraf\n|-damage|p1b: Farigiraf|28/100\n|move|p2a: Jockey|Astral Barrage|p1b: Farigiraf|[spread] p1a\n|-immune|p1b: Farigiraf\n|-damage|p1a: Iron Hands|6/100\n|move|p1b: Farigiraf|Foul Play|p2a: Jockey\n|-supereffective|p2a: Jockey\n|-damage|p2a: Jockey|0 fnt\n|faint|p2a: Jockey\n|move|p1a: Iron Hands|Wild Charge|p2b: Ghast\n|-damage|p2b: Ghast|0 fnt\n|faint|p2b: Ghast\n|-end|p2b: Ghast|Protosynthesis|[silent]\n|-damage|p1a: Iron Hands|0 fnt|[from] Recoil\n|faint|p1a: Iron Hands\n|-end|p1a: Iron Hands|Quark Drive|[silent]\n|\n|upkeep\n|l| LouisTsang25\n|\n|t:|1746139485\n|switch|p2a: Chi-Yu|Chi-Yu, L50|100/100\n|switch|p2b: Chicken|Koraidon, L50|100/100\n|switch|p1a: Zacian|Zacian-Crowned, L50|100/100\n|-ability|p2a: Chi-Yu|Beads of Ruin\n|-ability|p1a: Zacian|Intrepid Sword|boost\n|-boost|p1a: Zacian|atk|1\n|-weather|SunnyDay|[from] ability: Orichalcum Pulse|[of] p2b: Chicken\n|-activate|p2b: Chicken|Orichalcum Pulse|[source]\n|turn|4\n|\n|t:|1746139509\n|move|p1a: Zacian|Protect|p1a: Zacian\n|-singleturn|p1a: Zacian|Protect\n|move|p2a: Chi-Yu|Heat Wave|p1a: Zacian|[spread] p1b\n|-activate|p1a: Zacian|move: Protect\n|-damage|p1b: Farigiraf|0 fnt\n|faint|p1b: Farigiraf\n|move|p2b: Chicken|Flame Charge|p1a: Zacian\n|-activate|p1a: Zacian|move: Protect\n|\n|-weather|SunnyDay|[upkeep]\n|upkeep\n|\n|t:|1746139515\n|switch|p1b: Miraidon|Miraidon, L50|100/100\n|-activate|p1b: Miraidon|ability: Hadron Engine\n|turn|5\n|j| ShowDownHunt\n|l| ShowDownHunt\n|\n|t:|1746139526\n|-terastallize|p1a: Zacian|Ground\n|move|p2b: Chicken|Protect|p2b: Chicken\n|-singleturn|p2b: Chicken|Protect\n|move|p2a: Chi-Yu|Heat Wave|p1b: Miraidon|[spread] p1a,p1b\n|-resisted|p1b: Miraidon\n|-damage|p1a: Zacian|28/100\n|-damage|p1b: Miraidon|68/100\n|move|p1a: Zacian|Play Rough|p2b: Chicken\n|-activate|p2b: Chicken|move: Protect\n|move|p1b: Miraidon|Electro Drift|p2a: Chi-Yu\n|-damage|p2a: Chi-Yu|0 fnt\n|faint|p2a: Chi-Yu\n|\n|-weather|SunnyDay|[upkeep]\n|-fieldend|move: Electric Terrain\n|upkeep\n|turn|6\n|\n|t:|1746139545\n|move|p1a: Zacian|Play Rough|p2b: Chicken\n|-supereffective|p2b: Chicken\n|-damage|p2b: Chicken|0 fnt\n|faint|p2b: Chicken\n|\n|win|silverserpentine\n||silverserpentine is ready for game 3.\n||is_katabo is ready for game 3.\n|uhtml|next|Next: <a href=\"/battle-gen9vgc2025regibo3-2354992262\"><strong>Game 3 of 3</strong></a>\n|l| UGCL\n|l| SnailMoth\n|l|\u2606silverserpentine\n|player|p1|\n|l| HDX4\n|j| Epicentre7\n", "uploadtime": 1746139579, "views": 4, "formatid": "gen9vgc2025regibo3", "rating": null, "private": 0, "password": null}