{"id": "gen9vgc2025regibo3-2354132292", "format": "[Gen 9] VGC 2025 Reg I (Bo3)", "players": ["lexerthanatauros", "SilvrD"], "log": "|j|\u2606lexerthanatauros\n|j|\u2606SilvrD\n|html|<table width=\"100%\"><tr><td align=\"left\">lexerthanatauros</td><td align=\"right\">SilvrD</tr><tr><td align=\"left\"><i class=\"fa fa-circle-o\"></i> <i class=\"fa fa-circle-o\"></i> </td><td align=\"right\"><i class=\"fa fa-circle-o\"></i> <i class=\"fa fa-circle-o\"></i> </tr></table>\n|uhtml|bestof|<h2><strong>Game 1</strong> of <a href=\"/game-bestof3-gen9vgc2025regibo3-2354132291\">a best-of-3</a></h2>\n|t:|1746037622\n|gametype|doubles\n|player|p1|lexerthanatauros|veteran|1118\n|player|p2|SilvrD|elesa|1053\n|teamsize|p1|6\n|teamsize|p2|6\n|gen|9\n|tier|[Gen 9] VGC 2025 Reg I (Bo3)\n|rated|\n|rule|Species Clause: Limit one of each Pok\u00e9mon\n|rule|Item Clause: Limit 1 of each item\n|clearpoke\n|poke|p1|Kyogre, L50|\n|poke|p1|Lunala, L50|\n|poke|p1|Urshifu-*, L50, F|\n|poke|p1|Murkrow, L50, M|\n|poke|p1|Incineroar, L50, F|\n|poke|p1|Raichu, L50, M|\n|poke|p2|Kyogre, L50|\n|poke|p2|Incineroar, L50, M|\n|poke|p2|Archaludon, L50, F|\n|poke|p2|Miraidon, L50|\n|poke|p2|Weezing-Galar, L50, M|\n|poke|p2|Kingdra, L50, F|\n|teampreview|4\n|showteam|p1|Kyogre||PowerLens|Drizzle|WaterSpout,HydroPump,IceBeam,Protect||||||50|,,,,,Grass]Lunala||PowerHerb|ShadowShield|MoongeistBeam,MeteorBeam,WideGuard,TrickRoom||||||50|,,,,,Fairy]Urshifu-Rapid-Strike||ChoiceScarf|UnseenFist|SurgingStrikes,CloseCombat,Uturn,AquaJet|||F|||50|,,,,,Water]Murkrow||Eviolite|Prankster|FoulPlay,Tailwind,Quash,RainDance|||M|||50|,,,,,Ghost]Incineroar||SafetyGoggles|Intimidate|WillOWisp,FakeOut,KnockOff,HelpingHand|||F|||50|,,,,,Bug]Raichu||FocusSash|LightningRod|FakeOut,Feint,HelpingHand,Endeavor|||M|||50|,,,,,Ghost\n|showteam|p2|Kyogre||ChoiceScarf|Drizzle|WaterSpout,Thunder,TeraBlast,Blizzard||||||50|,,,,,Grass]Incineroar||SafetyGoggles|Intimidate|FakeOut,KnockOff,FlareBlitz,PartingShot|||M|||50|,,,,,Bug]Archaludon||AssaultVest|Stamina|ElectroShot,AuraSphere,FlashCannon,DracoMeteor|||F|||50|,,,,,Electric]Miraidon||ChoiceSpecs|HadronEngine|DazzlingGleam,ElectroDrift,DracoMeteor,VoltSwitch||||||50|,,,,,Fairy]Weezing-Galar||FocusSash|NeutralizingGas|ClearSmog,Defog,Explosion,Protect|||M|||50|,,,,,Flying]Kingdra||LifeOrb|SwiftSwim|WeatherBall,DragonPulse,FlashCannon,Protect|||F|||50|,,,,,Steel\n|inactive|Battle timer is ON: inactive players will automatically lose when time's up. (requested by lexerthanatauros)\n|inactive|SilvrD has 60 seconds left.\n|\n|t:|1746037658\n|start\n|switch|p1a: Incineroar|Incineroar, L50, F|100/100\n|switch|p1b: Lunala|Lunala, L50|100/100\n|switch|p2a: Miraidon|Miraidon, L50|100/100\n|switch|p2b: Weezing|Weezing-Galar, L50, M|100/100\n|-ability|p2b: Weezing|Neutralizing Gas\n|turn|1\n|\n|t:|1746037679\n|move|p1a: Incineroar|Fake Out|p2a: Miraidon\n|-damage|p2a: Miraidon|90/100\n|cant|p2a: Miraidon|flinch\n|move|p2b: Weezing|Clear Smog|p1b: Lunala\n|-resisted|p1b: Lunala\n|-damage|p1b: Lunala|96/100\n|-clearboost|p1b: Lunala\n|move|p1b: Lunala|Trick Room|p1b: Lunala\n|-fieldstart|move: Trick Room|[of] p1b: Lunala\n|\n|upkeep\n|turn|2\n|inactive|SilvrD has 30 seconds left.\n|inactive|SilvrD has 20 seconds left.\n|inactive|SilvrD has 15 seconds left.\n|\n|t:|1746037720\n|move|p1a: Incineroar|Knock Off|p2a: Miraidon\n|-damage|p2a: Miraidon|51/100\n|-enditem|p2a: Miraidon|Choice Specs|[from] move: Knock Off|[of] p1a: Incineroar\n|move|p2b: Weezing|Explosion|p1b: Lunala|[spread] p2a,p1a\n|-immune|p1b: Lunala\n|-damage|p2a: Miraidon|0 fnt\n|-damage|p1a: Incineroar|56/100\n|faint|p2b: Weezing\n|-end|p2b: Weezing|ability: Neutralizing Gas\n|-fieldstart|move: Electric Terrain|[from] ability: Hadron Engine|[of] p2a: Miraidon\n|faint|p2a: Miraidon\n|move|p1b: Lunala|Meteor Beam||[still]\n|-prepare|p1b: Lunala|Meteor Beam\n|-boost|p1b: Lunala|spa|1\n|-enditem|p1b: Lunala|Power Herb\n|-anim|p1b: Lunala|Meteor Beam|p2: Miraidon|[notarget]\n|-fail|p1b: Lunala\n|\n|upkeep\n|\n|t:|1746037727\n|switch|p2b: Kyogre|Kyogre, L50|100/100\n|switch|p2a: Archaludon|Archaludon, L50, F|100/100\n|-weather|RainDance|[from] ability: Drizzle|[of] p2b: Kyogre\n|turn|3\n|\n|t:|1746037749\n|-terastallize|p2a: Archaludon|Electric\n|move|p1a: Incineroar|Helping Hand|p1b: Lunala\n|-singleturn|p1b: Lunala|Helping Hand|[of] p1a: Incineroar\n|move|p1b: Lunala|Moongeist Beam|p2a: Archaludon\n|-damage|p2a: Archaludon|0 fnt\n|faint|p2a: Archaludon\n|move|p2b: Kyogre|Water Spout|p1a: Incineroar|[spread] p1a,p1b\n|-supereffective|p1a: Incineroar\n|-damage|p1a: Incineroar|0 fnt\n|-damage|p1b: Lunala|31/100\n|faint|p1a: Incineroar\n|\n|-weather|RainDance|[upkeep]\n|upkeep\n|\n|t:|1746037759\n|switch|p1a: Raichu|Raichu, L50, M|100/100\n|turn|4\n|\n|t:|1746037769\n|move|p1a: Raichu|Fake Out|p2b: Kyogre\n|-damage|p2b: Kyogre|88/100\n|move|p1b: Lunala|Moongeist Beam|p2b: Kyogre\n|-damage|p2b: Kyogre|31/100\n|cant|p2b: Kyogre|flinch\n|\n|-weather|RainDance|[upkeep]\n|upkeep\n|turn|5\n|inactive|lexerthanatauros has 30 seconds left.\n|-message|SilvrD forfeited.\n|\n|win|lexerthanatauros\n|l|\u2606SilvrD\n|player|p2|\n|l|\u2606lexerthanatauros\n|player|p1|\n||SilvrD is ready for game 2.\n||lexerthanatauros is ready for game 2.\n|uhtml|next|Next: <a href=\"/battle-gen9vgc2025regibo3-2354134336\"><strong>Game 2 of 3</strong></a>\n", "uploadtime": 1746038125, "views": 6, "formatid": "gen9vgc2025regibo3", "rating": null, "private": 0, "password": null}