{"id": "gen9vgc2025regibo3-2353453558", "format": "[Gen 9] VGC 2025 Reg I (Bo3)", "players": ["crivgvv", "VGCTitus"], "log": "|j|\u2606crivgvv\n|j|\u2606VGCTitus\n|html|<table width=\"100%\"><tr><td align=\"left\">crivgvv</td><td align=\"right\">VGCTitus</tr><tr><td align=\"left\"><i class=\"fa fa-circle-o\"></i> <i class=\"fa fa-circle-o\"></i> </td><td align=\"right\"><i class=\"fa fa-circle-o\"></i> <i class=\"fa fa-circle-o\"></i> </tr></table>\n|uhtml|bestof|<h2><strong>Game 1</strong> of <a href=\"/game-bestof3-gen9vgc2025regibo3-2353453557\">a best-of-3</a></h2>\n|t:|1745957336\n|gametype|doubles\n|player|p1|crivgvv|clay|1168\n|player|p2|VGCTitus|bugcatcher-gen4dp|1138\n|teamsize|p1|6\n|teamsize|p2|6\n|gen|9\n|tier|[Gen 9] VGC 2025 Reg I (Bo3)\n|rated|\n|rule|Species Clause: Limit one of each Pok\u00e9mon\n|rule|Item Clause: Limit 1 of each item\n|clearpoke\n|poke|p1|Rayquaza, L50|\n|poke|p1|Zacian-*, L50|\n|poke|p1|Urshifu-*, L50, M|\n|poke|p1|Farigiraf, L50, F|\n|poke|p1|Chien-Pao, L50|\n|poke|p1|Ogerpon-Hearthflame, L50, F|\n|poke|p2|Whimsicott, L50, F|\n|poke|p2|Skeledirge, L50, M|\n|poke|p2|Calyrex-Ice, L50|\n|poke|p2|Iron Treads, L50|\n|poke|p2|Iron Hands, L50|\n|poke|p2|Miraidon, L50|\n|teampreview|4\n|showteam|p1|Rayquaza||ClearAmulet|AirLock|DragonAscent,ExtremeSpeed,SwordsDance,Protect||||||50|,,,,,Normal]Zacian-Crowned||RustedSword|IntrepidSword|PlayRough,behemothblade,SacredSword,Protect||||||50|,,,,,Fairy]Urshifu-Rapid-Strike||ChoiceScarf|UnseenFist|SurgingStrikes,CloseCombat,Uturn,Coaching|||M|||50|,,,,,Water]Farigiraf||SitrusBerry|ArmorTail|Psychic,FoulPlay,TrickRoom,HelpingHand|||F|||50|,,,,,Normal]Chien-Pao||FocusSash|SwordofRuin|IceSpinner,Crunch,SuckerPunch,Protect||||||50|,,,,,Stellar]Ogerpon-Hearthflame||HearthflameMask|MoldBreaker|IvyCudgel,WoodHammer,FollowMe,SpikyShield|||F|||50|,,,,,Fire\n|showteam|p2|Whimsicott||CovertCloak|Prankster|HelpingHand,LeechSeed,Tailwind,Protect|||F|||50|,,,,,Grass]Skeledirge||ThroatSpray|Unaware|TorchSong,SlackOff,Snarl,Protect|||M|||50|,,,,,Fire]Calyrex-Ice||Leftovers|AsOneGlastrier|LeechSeed,GlacialLance,TrickRoom,Protect||||||50|,,,,,Water]Iron Treads||ChoiceBand|QuarkDrive|HighHorsepower,RockTomb,RockSlide,SteelRoller||||||50|,,,,,Ghost]Iron Hands||AssaultVest|QuarkDrive|FakeOut,DrainPunch,WildCharge,HeavySlam||||||50|,,,,,Bug]Miraidon||LifeOrb|HadronEngine|ElectroDrift,VoltSwitch,DracoMeteor,DazzlingGleam||||||50|,,,,,Electric\n|inactive|Battle timer is ON: inactive players will automatically lose when time's up. (requested by crivgvv)\n|inactive|crivgvv has 60 seconds left.\n|inactive|crivgvv has 30 seconds left.\n|inactive|crivgvv has 20 seconds left.\n|\n|t:|1745957411\n|start\n|switch|p1a: Zacian|Zacian-Crowned, L50|100/100\n|switch|p1b: Urshifu|Urshifu-Rapid-Strike, L50, M|100/100\n|switch|p2a: Calyrex|Calyrex-Ice, L50|100/100\n|switch|p2b: Miraidon|Miraidon, L50|100/100\n|-ability|p2a: Calyrex|As One\n|-ability|p2a: Calyrex|Unnerve\n|-ability|p1a: Zacian|Intrepid Sword|boost\n|-boost|p1a: Zacian|atk|1\n|-fieldstart|move: Electric Terrain|[from] ability: Hadron Engine|[of] p2b: Miraidon\n|turn|1\n|inactive|crivgvv has 30 seconds left.\n|inactive|VGCTitus has 30 seconds left.\n|inactive|crivgvv has 20 seconds left.\n|inactive|crivgvv has 15 seconds left.\n|\n|t:|1745957453\n|switch|p2b: Skeledirge|Skeledirge, L50, M|100/100\n|-terastallize|p1a: Zacian|Fairy\n|-terastallize|p2a: Calyrex|Water\n|move|p1b: Urshifu|Coaching|p1a: Zacian\n|-boost|p1a: Zacian|atk|1\n|-boost|p1a: Zacian|def|1\n|move|p1a: Zacian|Play Rough|p2b: Skeledirge\n|-resisted|p2b: Skeledirge\n|-damage|p2b: Skeledirge|75/100\n|move|p2a: Calyrex|Trick Room|p2a: Calyrex\n|-fieldstart|move: Trick Room|[of] p2a: Calyrex\n|\n|upkeep\n|turn|2\n|inactive|crivgvv has 30 seconds left.\n|\n|t:|1745957480\n|move|p1a: Zacian|Protect|p1a: Zacian\n|-singleturn|p1a: Zacian|Protect\n|move|p2a: Calyrex|Glacial Lance|p1b: Urshifu|[spread] p1b\n|-activate|p1a: Zacian|move: Protect\n|-resisted|p1b: Urshifu\n|-damage|p1b: Urshifu|77/100\n|move|p2b: Skeledirge|Torch Song|p1b: Urshifu\n|-resisted|p1b: Urshifu\n|-damage|p1b: Urshifu|53/100\n|-boost|p2b: Skeledirge|spa|1\n|-enditem|p2b: Skeledirge|Throat Spray\n|-boost|p2b: Skeledirge|spa|1|[from] item: Throat Spray\n|move|p1b: Urshifu|Coaching|p1a: Zacian\n|-boost|p1a: Zacian|atk|1\n|-boost|p1a: Zacian|def|1\n|\n|upkeep\n|turn|3\n|inactive|crivgvv has 30 seconds left.\n|inactive|VGCTitus has 30 seconds left.\n|\n|t:|1745957510\n|switch|p1b: Ogerpon|Ogerpon-Hearthflame, L50, F|100/100\n|-ability|p1b: Ogerpon|Mold Breaker\n|move|p2a: Calyrex|Glacial Lance|p1b: Ogerpon|[spread] p1a,p1b\n|-damage|p1a: Zacian|77/100\n|-damage|p1b: Ogerpon|45/100\n|move|p2b: Skeledirge|Torch Song|p1a: Zacian\n|-crit|p1a: Zacian\n|-damage|p1a: Zacian|0 fnt\n|-boost|p2b: Skeledirge|spa|1\n|faint|p1a: Zacian\n|\n|upkeep\n|\n|t:|1745957525\n|switch|p1a: Urshifu|Urshifu-Rapid-Strike, L50, M|53/100\n|turn|4\n|\n|t:|1745957545\n|move|p1b: Ogerpon|Spiky Shield|p1b: Ogerpon\n|-singleturn|p1b: Ogerpon|move: Protect\n|move|p2a: Calyrex|Glacial Lance|p1a: Urshifu|[spread] p1a\n|-activate|p1b: Ogerpon|move: Protect\n|-resisted|p1a: Urshifu\n|-crit|p1a: Urshifu\n|-damage|p1a: Urshifu|20/100\n|move|p2b: Skeledirge|Torch Song|p1a: Urshifu\n|-resisted|p1a: Urshifu\n|-damage|p1a: Urshifu|0 fnt\n|-boost|p2b: Skeledirge|spa|1\n|faint|p1a: Urshifu\n|\n|upkeep\n|\n|t:|1745957557\n|switch|p1a: Chien-Pao|Chien-Pao, L50|100/100\n|-ability|p1a: Chien-Pao|Sword of Ruin\n|turn|5\n|\n|t:|1745957581\n|move|p1a: Chien-Pao|Sucker Punch||[still]\n|-fail|p1a: Chien-Pao\n|move|p2a: Calyrex|Glacial Lance|p1a: Chien-Pao|[spread] p1a,p1b\n|-resisted|p1a: Chien-Pao\n|-damage|p1a: Chien-Pao|68/100\n|-damage|p1b: Ogerpon|0 fnt\n|faint|p1b: Ogerpon\n|-ability|p2a: Calyrex|Chilling Neigh|boost\n|-boost|p2a: Calyrex|atk|1\n|move|p2b: Skeledirge|Slack Off|p2b: Skeledirge\n|-heal|p2b: Skeledirge|100/100\n|\n|-fieldend|move: Trick Room\n|-fieldend|move: Electric Terrain\n|upkeep\n|turn|6\n|\n|t:|1745957604\n|move|p1a: Chien-Pao|Sucker Punch|p2b: Skeledirge\n|-supereffective|p2b: Skeledirge\n|-damage|p2b: Skeledirge|26/100\n|move|p2b: Skeledirge|Torch Song|p1a: Chien-Pao\n|-supereffective|p1a: Chien-Pao\n|-damage|p1a: Chien-Pao|0 fnt\n|-boost|p2b: Skeledirge|spa|1\n|faint|p1a: Chien-Pao\n|\n|win|VGCTitus\n||VGCTitus is ready for game 2.\n||crivgvv is ready for game 2.\n|uhtml|next|Next: <a href=\"/battle-gen9vgc2025regibo3-2353456541\"><strong>Game 2 of 3</strong></a>\n|l|\u2606crivgvv\n|player|p1|\n|l|\u2606VGCTitus\n|player|p2|\n", "uploadtime": 1745957989, "views": 6, "formatid": "gen9vgc2025regibo3", "rating": null, "private": 0, "password": null}