{"id": "gen9vgc2025regibo3-2354330556", "format": "[Gen 9] VGC 2025 Reg I (Bo3)", "players": ["Descugi", "nintendoswitch200"], "log": "|j|\u2606Descugi\n|j|\u2606nintendoswitch200\n|html|<table width=\"100%\"><tr><td align=\"left\">Descugi</td><td align=\"right\">nintendoswitch200</tr><tr><td align=\"left\"><i class=\"fa fa-circle-o\"></i> <i class=\"fa fa-circle-o\"></i> </td><td align=\"right\"><i class=\"fa fa-circle-o\"></i> <i class=\"fa fa-circle\"></i> </tr></table>\n|uhtml|bestof|<h2><strong>Game 2</strong> of <a href=\"/game-bestof3-gen9vgc2025regibo3-2354328764\">a best-of-3</a></h2>\n|t:|1746058184\n|gametype|doubles\n|player|p1|Descugi|170|1122\n|player|p2|nintendoswitch200|turo|1095\n|teamsize|p1|6\n|teamsize|p2|6\n|gen|9\n|tier|[Gen 9] VGC 2025 Reg I (Bo3)\n|rated|\n|rule|Species Clause: Limit one of each Pok\u00e9mon\n|rule|Item Clause: Limit 1 of each item\n|clearpoke\n|poke|p1|Rayquaza, L50|\n|poke|p1|Chien-Pao, L50|\n|poke|p1|Miraidon, L50|\n|poke|p1|Iron Hands, L50|\n|poke|p1|Volcarona, L50, F|\n|poke|p1|Landorus, L50, M|\n|poke|p2|Urshifu-*, L50, M|\n|poke|p2|Incineroar, L50, M|\n|poke|p2|Calyrex-Shadow, L50|\n|poke|p2|Farigiraf, L50, M|\n|poke|p2|Rillaboom, L50, M|\n|poke|p2|Zamazenta-*, L50|\n|teampreview|4\n|showteam|p1|Rayquaza||ClearAmulet|AirLock|DragonAscent,ExtremeSpeed,SwordsDance,Protect||||||50|,,,,,Normal]Chien-Pao||FocusSash|SwordofRuin|IcicleCrash,SuckerPunch,Protect||||||50|,,,,,Ghost]Miraidon||ChoiceSpecs|HadronEngine|ElectroDrift,DazzlingGleam,VoltSwitch,DracoMeteor||||||50|,,,,,Fairy]Iron Hands||AssaultVest|QuarkDrive|FakeOut,DrainPunch,VoltSwitch,HeavySlam||||||50|,,,,,Water]Volcarona||RockyHelmet|FlameBody|FieryDance,RagePowder,Tailwind,Protect|||F|||50|,,,,,Water]Landorus||LifeOrb|SheerForce|Protect,SandsearStorm,EarthPower,SludgeBomb|||M|||50|,,,,,Steel\n|showteam|p2|Urshifu-Rapid-Strike||FocusSash|UnseenFist|Detect,SurgingStrikes,CloseCombat,AquaJet|||M|||50|,,,,,Stellar]Incineroar||SafetyGoggles|Intimidate|FakeOut,PartingShot,HelpingHand,KnockOff|||M|||50|,,,,,Ghost]Calyrex-Shadow||CovertCloak|AsOneSpectrier|Protect,NastyPlot,AstralBarrage,Psyshock||||||50|,,,,,Water]Farigiraf||ThroatSpray|ArmorTail|Protect,TrickRoom,HyperVoice,Psychic|||M|||50|,,,,,Grass]Rillaboom||AssaultVest|GrassySurge|FakeOut,GrassyGlide,WoodHammer,Uturn|||M|||50|,,,,,Fire]Zamazenta-Crowned||RustedShield|DauntlessShield|Protect,BodyPress,WideGuard,HeavySlam||||||50|,,,,,Fairy\n|inactive|Battle timer is ON: inactive players will automatically lose when time's up. (requested by nintendoswitch200)\n|\n|t:|1746058215\n|start\n|switch|p1a: Volcarona|Volcarona, L50, F|100/100\n|switch|p1b: Chien-Pao|Chien-Pao, L50|100/100\n|switch|p2a: Calyrex|Calyrex-Shadow, L50|100/100\n|switch|p2b: Incineroar|Incineroar, L50, M|100/100\n|-ability|p2a: Calyrex|As One\n|-ability|p2a: Calyrex|Unnerve\n|-ability|p1b: Chien-Pao|Sword of Ruin\n|-ability|p2b: Incineroar|Intimidate|boost\n|-unboost|p1a: Volcarona|atk|1\n|-unboost|p1b: Chien-Pao|atk|1\n|turn|1\n|inactive|Descugi has 30 seconds left.\n|\n|t:|1746058242\n|-terastallize|p2a: Calyrex|Water\n|-terastallize|p1b: Chien-Pao|Ghost\n|move|p2b: Incineroar|Fake Out|p1a: Volcarona\n|-damage|p1a: Volcarona|89/100\n|-damage|p2b: Incineroar|84/100|[from] item: Rocky Helmet|[of] p1a: Volcarona\n|move|p2a: Calyrex|Astral Barrage|p1b: Chien-Pao|[spread] p1a,p1b\n|-supereffective|p1b: Chien-Pao\n|-damage|p1a: Volcarona|42/100\n|-enditem|p1b: Chien-Pao|Focus Sash\n|-damage|p1b: Chien-Pao|1/100\n|move|p1b: Chien-Pao|Icicle Crash|p2a: Calyrex\n|-resisted|p2a: Calyrex\n|-damage|p2a: Calyrex|82/100\n|cant|p1a: Volcarona|flinch\n|\n|upkeep\n|turn|2\n|\n|t:|1746058264\n|move|p2b: Incineroar|Helping Hand|p2a: Calyrex\n|-singleturn|p2a: Calyrex|Helping Hand|[of] p2b: Incineroar\n|move|p1a: Volcarona|Protect|p1a: Volcarona\n|-singleturn|p1a: Volcarona|Protect\n|move|p1b: Chien-Pao|Sucker Punch|p2a: Calyrex\n|-damage|p2a: Calyrex|46/100\n|move|p2a: Calyrex|Astral Barrage|p1b: Chien-Pao|[spread] p1b\n|-activate|p1a: Volcarona|move: Protect\n|-supereffective|p1b: Chien-Pao\n|-damage|p1b: Chien-Pao|0 fnt\n|faint|p1b: Chien-Pao\n|-ability|p2a: Calyrex|Grim Neigh|boost\n|-boost|p2a: Calyrex|spa|1\n|\n|upkeep\n|\n|t:|1746058273\n|switch|p1b: Miraidon|Miraidon, L50|100/100\n|-fieldstart|move: Electric Terrain|[from] ability: Hadron Engine|[of] p1b: Miraidon\n|turn|3\n|\n|t:|1746058289\n|move|p2b: Incineroar|Helping Hand|p2a: Calyrex\n|-singleturn|p2a: Calyrex|Helping Hand|[of] p2b: Incineroar\n|move|p2a: Calyrex|Astral Barrage|p1a: Volcarona|[spread] p1a,p1b\n|-damage|p1a: Volcarona|0 fnt\n|-damage|p1b: Miraidon|2/100\n|faint|p1a: Volcarona\n|-ability|p2a: Calyrex|Grim Neigh|boost\n|-boost|p2a: Calyrex|spa|1\n|move|p1b: Miraidon|Volt Switch|p2b: Incineroar\n|-damage|p2b: Incineroar|14/100\n|l|\u2606nintendoswitch200\n|inactive|nintendoswitch200 disconnected and has a minute to reconnect!\n|player|p2|\n|\n|t:|1746058300\n|switch|p1b: Landorus|Landorus, L50, M|100/100|[from] Volt Switch\n|\n|upkeep\n|\n|t:|1746058302\n|switch|p1a: Miraidon|Miraidon, L50|2/100\n|-activate|p1a: Miraidon|ability: Hadron Engine\n|turn|4\n|-message|Descugi forfeited.\n|\n|win|nintendoswitch200\n|raw|Descugi's rating: 1122 &rarr; <strong>1095</strong><br />(-27 for losing)\n|raw|nintendoswitch200's rating: 1095 &rarr; <strong>1123</strong><br />(+28 for winning)\n|j|\u2606nintendoswitch200\n|player|p2|nintendoswitch200|turo|\n|l|\u2606Descugi\n|player|p1|\n|l|\u2606nintendoswitch200\n|player|p2|\n|j|\u2606nintendoswitch200\n|player|p2|nintendoswitch200|turo|\n", "uploadtime": 1746058311, "views": 7, "formatid": "gen9vgc2025regibo3", "rating": 1095, "private": 0, "password": null}