{"id": "gen9vgc2025regibo3-2353677267", "format": "[Gen 9] VGC 2025 Reg I (Bo3)", "players": ["woodswims", "Pdmake"], "log": "|j|\u2606woodswims\n|j|\u2606Pdmake\n|html|<table width=\"100%\"><tr><td align=\"left\">woodswims</td><td align=\"right\">Pdmake</tr><tr><td align=\"left\"><i class=\"fa fa-circle\"></i> <i class=\"fa fa-circle-o\"></i> </td><td align=\"right\"><i class=\"fa fa-circle-o\"></i> <i class=\"fa fa-circle\"></i> </tr></table>\n|uhtml|bestof|<h2><strong>Game 3</strong> of <a href=\"/game-bestof3-gen9vgc2025regibo3-2353672419\">a best-of-3</a></h2>\n|t:|1745982360\n|gametype|doubles\n|player|p1|woodswims|2|1129\n|player|p2|Pdmake|iris-gen5bw2|1092\n|teamsize|p1|6\n|teamsize|p2|6\n|gen|9\n|tier|[Gen 9] VGC 2025 Reg I (Bo3)\n|rated|\n|rule|Species Clause: Limit one of each Pok\u00e9mon\n|rule|Item Clause: Limit 1 of each item\n|clearpoke\n|poke|p1|Miraidon, L50|\n|poke|p1|Ho-Oh, L50|\n|poke|p1|Whimsicott, L50, M|\n|poke|p1|Iron Hands, L50|\n|poke|p1|Chien-Pao, L50|\n|poke|p1|Farigiraf, L50, F|\n|poke|p2|Miraidon, L50|\n|poke|p2|Incineroar, L50, M|\n|poke|p2|Zacian-*, L50|\n|poke|p2|Tornadus, L50, M|\n|poke|p2|Urshifu-*, L50, F|\n|poke|p2|Rillaboom, L50, F|\n|teampreview|4\n|showteam|p1|Miraidon||ChoiceSpecs|HadronEngine|VoltSwitch,ElectroDrift,DazzlingGleam,DracoMeteor||||||50|,,,,,Fairy]Ho-Oh||ClearAmulet|Regenerator|SacredFire,BraveBird,Tailwind,Protect||||||50|,,,,,Steel]Whimsicott||CovertCloak|Prankster|Moonblast,SunnyDay,Tailwind,Encore|||M|||50|,,,,,Dark]Iron Hands||AssaultVest|QuarkDrive|DrainPunch,WildCharge,FakeOut,LowKick||||||50|,,,,,Water]Chien-Pao||FocusSash|SwordofRuin|IcicleCrash,SuckerPunch,LashOut,Protect||||||50|,,,,,Ghost]Farigiraf||ElectricSeed|ArmorTail|FoulPlay,HelpingHand,TrickRoom,PsychicNoise|||F|||50|,,,,,Fairy\n|showteam|p2|Miraidon||FocusSash|HadronEngine|Protect,ElectroDrift,DazzlingGleam,DracoMeteor||||||50|,,,,,Fairy]Incineroar||Leftovers|Intimidate|FakeOut,FlareBlitz,KnockOff,PartingShot|||M|||50|,,,,,Dragon]Zacian-Crowned||RustedSword|IntrepidSword|PlayRough,behemothblade,SacredSword,Protect||||||50|,,,,,Water]Tornadus||RockyHelmet|Prankster|RainDance,Hurricane,Tailwind,Taunt|||M|||50|,,,,,Dark]Urshifu||ChoiceScarf|UnseenFist|WickedBlow,CloseCombat,IcePunch,LowKick|||F|||50|,,,,,Ice]Rillaboom||AssaultVest|GrassySurge|FakeOut,KnockOff,WoodHammer,HighHorsepower|||F|||50|,,,,,Grass\n|j| swbthj\n|\n|t:|1745982390\n|start\n|switch|p1a: Miraidon|Miraidon, L50|100/100\n|switch|p1b: Farigiraf|Farigiraf, L50, F|100/100\n|switch|p2a: Tornadus|Tornadus, L50, M|100/100\n|switch|p2b: Incineroar|Incineroar, L50, M|100/100\n|-fieldstart|move: Electric Terrain|[from] ability: Hadron Engine|[of] p1a: Miraidon\n|-enditem|p1b: Farigiraf|Electric Seed\n|-boost|p1b: Farigiraf|def|1|[from] item: Electric Seed\n|-ability|p2b: Incineroar|Intimidate|boost\n|-unboost|p1a: Miraidon|atk|1\n|-unboost|p1b: Farigiraf|atk|1\n|turn|1\n|l| swbthj\n|\n|t:|1745982425\n|move|p1a: Miraidon|Volt Switch|p2b: Incineroar\n|-damage|p2b: Incineroar|0 fnt\n|faint|p2b: Incineroar\n|\n|t:|1745982440\n|switch|p1a: Iron Hands|Iron Hands, L50|100/100|[from] Volt Switch\n|-activate|p1a: Iron Hands|ability: Quark Drive\n|-start|p1a: Iron Hands|quarkdriveatk\n|move|p2a: Tornadus|Hurricane|p1b: Farigiraf\n|-damage|p1b: Farigiraf|56/100\n|move|p1b: Farigiraf|Trick Room|p1b: Farigiraf\n|-fieldstart|move: Trick Room|[of] p1b: Farigiraf\n|\n|upkeep\n|\n|t:|1745982451\n|switch|p2b: Miraidon|Miraidon, L50|100/100\n|-activate|p2b: Miraidon|ability: Hadron Engine\n|turn|2\n|\n|t:|1745982474\n|switch|p1b: Miraidon|Miraidon, L50|100/100\n|-activate|p1b: Miraidon|ability: Hadron Engine\n|move|p1a: Iron Hands|Wild Charge|p2a: Tornadus\n|-supereffective|p2a: Tornadus\n|-damage|p2a: Tornadus|0 fnt\n|-damage|p1a: Iron Hands|84/100|[from] item: Rocky Helmet|[of] p2a: Tornadus\n|faint|p2a: Tornadus\n|-damage|p1a: Iron Hands|68/100|[from] Recoil\n|move|p2b: Miraidon|Dazzling Gleam|p1b: Miraidon|[spread] p1a,p1b\n|-supereffective|p1a: Iron Hands\n|-supereffective|p1b: Miraidon\n|-damage|p1a: Iron Hands|41/100\n|-damage|p1b: Miraidon|50/100\n|\n|upkeep\n|\n|t:|1745982489\n|switch|p2a: Zacian|Zacian-Crowned, L50|100/100\n|-ability|p2a: Zacian|Intrepid Sword|boost\n|-boost|p2a: Zacian|atk|1\n|turn|3\n|\n|t:|1745982546\n|-terastallize|p2b: Miraidon|Fairy\n|move|p2a: Zacian|Protect|p2a: Zacian\n|-singleturn|p2a: Zacian|Protect\n|move|p1a: Iron Hands|Wild Charge|p2b: Miraidon\n|-damage|p2b: Miraidon|8/100\n|-damage|p1a: Iron Hands|24/100|[from] Recoil\n|move|p1b: Miraidon|Dazzling Gleam|p2b: Miraidon|[spread] p2b\n|-activate|p2a: Zacian|move: Protect\n|-damage|p2b: Miraidon|0 fnt\n|faint|p2b: Miraidon\n|\n|upkeep\n|turn|4\n|-message|Pdmake forfeited.\n|\n|win|woodswims\n|raw|woodswims's rating: 1129 &rarr; <strong>1151</strong><br />(+22 for winning)\n|raw|Pdmake's rating: 1092 &rarr; <strong>1071</strong><br />(-21 for losing)\n|l|\u2606Pdmake\n|player|p2|\n", "uploadtime": 1745982562, "views": 10, "formatid": "gen9vgc2025regibo3", "rating": 1071, "private": 0, "password": null}