{"id": "gen9vgc2025regibo3-2354584367", "format": "[Gen 9] VGC 2025 Reg I (Bo3)", "players": ["G00bermeister69420", "ponylord777"], "log": "|j|\u2606G00bermeister69420\n|j|\u2606ponylord777\n|html|<table width=\"100%\"><tr><td align=\"left\">G00bermeister69420</td><td align=\"right\">ponylord777</tr><tr><td align=\"left\"><i class=\"fa fa-circle-o\"></i> <i class=\"fa fa-circle-o\"></i> </td><td align=\"right\"><i class=\"fa fa-circle-o\"></i> <i class=\"fa fa-circle-o\"></i> </tr></table>\n|uhtml|bestof|<h2><strong>Game 1</strong> of <a href=\"/game-bestof3-gen9vgc2025regibo3-2354584366\">a best-of-3</a></h2>\n|t:|1746098709\n|gametype|doubles\n|player|p1|G00bermeister69420|hiker-gen4|1009\n|player|p2|ponylord777|artist-gen4|1014\n|teamsize|p1|6\n|teamsize|p2|6\n|gen|9\n|tier|[Gen 9] VGC 2025 Reg I (Bo3)\n|rated|\n|rule|Species Clause: Limit one of each Pok\u00e9mon\n|rule|Item Clause: Limit 1 of each item\n|clearpoke\n|poke|p1|Meowstic, L50, M|\n|poke|p1|Necrozma-Dusk-Mane, L50|\n|poke|p1|Lunala, L50|\n|poke|p1|Indeedee-F, L50, F|\n|poke|p1|Rampardos, L50, M|\n|poke|p1|Farigiraf, L50, F|\n|poke|p2|Zacian-*, L50|\n|poke|p2|Calyrex-Shadow, L50|\n|poke|p2|Incineroar, L50, F|\n|poke|p2|Urshifu-*, L50, F|\n|poke|p2|Whimsicott, L50, F|\n|poke|p2|Tornadus, L50, M|\n|teampreview|4\n|showteam|p1|Meowstic||MentalHerb|Prankster|Gravity,HelpingHand,TrickRoom,Substitute|||M|||50|,,,,,Psychic]Necrozma-Dusk-Mane||IronBall|PrismArmor|SunsteelStrike,PhotonGeyser,TrickRoom,SwordsDance||||||50|,,,,,Psychic]Lunala||PowerHerb|ShadowShield|TrickRoom,MeteorBeam,MoongeistBeam,Hypnosis||||||50|,,,,,Fire]Indeedee-F|||PsychicSurge|TrickRoom,Psychic,HelpingHand,FollowMe|||F|||50|,,,,,Psychic]Rampardos||PowerLens|SheerForce|RockSlide,HeadSmash,Protect,HammerArm|||M|||50|,,,,,Rock]Farigiraf||ThroatSpray|ArmorTail|TrickRoom,Protect,Gravity,HyperVoice|||F|||50|,,,,,Normal\n|showteam|p2|Zacian-Crowned||RustedSword|IntrepidSword|Protect,PlayRough,SacredSword,behemothblade||||||50|,,,,,Fire]Calyrex-Shadow||LifeOrb|AsOneSpectrier|AstralBarrage,Protect,DrainingKiss,NastyPlot||||||50|,,,,,Normal]Incineroar||RockyHelmet|Intimidate|FakeOut,Taunt,WillOWisp,KnockOff|||F|||50|,,,,,Bug]Urshifu-Rapid-Strike||MysticWater|UnseenFist|Detect,SurgingStrikes,CloseCombat,AquaJet|||F|||50|,,,,,Grass]Whimsicott||FocusSash|Prankster|Tailwind,Moonblast,Encore,HelpingHand|||F|||50|,,,,,Dark]Tornadus||CovertCloak|Prankster|Tailwind,BleakwindStorm,IcyWind,Protect|||M|||50|,,,,,Bug\n|inactive|Battle timer is ON: inactive players will automatically lose when time's up. (requested by ponylord777)\n|inactive|G00bermeister69420 has 60 seconds left.\n|\n|t:|1746098743\n|start\n|switch|p1a: Indeedee|Indeedee-F, L50, F|100/100\n|switch|p1b: Calyrex dih rider|Farigiraf, L50, F|100/100\n|switch|p2a: Whimsicott|Whimsicott, L50, F|100/100\n|switch|p2b: Incineroar|Incineroar, L50, F|100/100\n|-fieldstart|move: Psychic Terrain|[from] ability: Psychic Surge|[of] p1a: Indeedee\n|-ability|p2b: Incineroar|Intimidate|boost\n|-unboost|p1a: Indeedee|atk|1\n|-unboost|p1b: Calyrex dih rider|atk|1\n|turn|1\n|inactive|ponylord777 has 30 seconds left.\n|\n|t:|1746098772\n|move|p2a: Whimsicott|Helping Hand|p2b: Incineroar\n|-singleturn|p2b: Incineroar|Helping Hand|[of] p2a: Whimsicott\n|move|p1a: Indeedee|Follow Me|p1a: Indeedee\n|-singleturn|p1a: Indeedee|move: Follow Me\n|move|p2b: Incineroar|Knock Off|p1a: Indeedee\n|-supereffective|p1a: Indeedee\n|-damage|p1a: Indeedee|25/100\n|move|p1b: Calyrex dih rider|Trick Room|p1b: Calyrex dih rider\n|-fieldstart|move: Trick Room|[of] p1b: Calyrex dih rider\n|\n|upkeep\n|turn|2\n|\n|t:|1746098788\n|move|p2a: Whimsicott|Helping Hand|p2b: Incineroar\n|-singleturn|p2b: Incineroar|Helping Hand|[of] p2a: Whimsicott\n|move|p1a: Indeedee|Helping Hand|p1b: Calyrex dih rider\n|-singleturn|p1b: Calyrex dih rider|Helping Hand|[of] p1a: Indeedee\n|move|p1b: Calyrex dih rider|Hyper Voice|p2a: Whimsicott|[spread] p2a,p2b\n|-damage|p2a: Whimsicott|12/100\n|-damage|p2b: Incineroar|58/100\n|-enditem|p1b: Calyrex dih rider|Throat Spray\n|-boost|p1b: Calyrex dih rider|spa|1|[from] item: Throat Spray\n|move|p2b: Incineroar|Knock Off|p1b: Calyrex dih rider\n|-supereffective|p1b: Calyrex dih rider\n|-damage|p1b: Calyrex dih rider|24/100\n|\n|upkeep\n|turn|3\n|inactive|ponylord777 has 30 seconds left.\n|\n|t:|1746098818\n|move|p1a: Indeedee|Follow Me|p1a: Indeedee\n|-singleturn|p1a: Indeedee|move: Follow Me\n|move|p1b: Calyrex dih rider|Hyper Voice|p2b: Incineroar|[spread] p2a,p2b\n|-damage|p2a: Whimsicott|0 fnt\n|-damage|p2b: Incineroar|11/100\n|faint|p2a: Whimsicott\n|move|p2b: Incineroar|Knock Off|p1a: Indeedee\n|-supereffective|p1a: Indeedee\n|-damage|p1a: Indeedee|0 fnt\n|faint|p1a: Indeedee\n|\n|upkeep\n|\n|t:|1746098830\n|switch|p1a: Rampardos|Rampardos, L50, M|100/100\n|switch|p2a: Zacian|Zacian-Crowned, L50|100/100\n|-ability|p2a: Zacian|Intrepid Sword|boost\n|-boost|p2a: Zacian|atk|1\n|turn|4\n|\n|t:|1746098848\n|-terastallize|p1a: Rampardos|Rock\n|move|p1a: Rampardos|Head Smash|p2a: Zacian\n|-resisted|p2a: Zacian\n|-damage|p2a: Zacian|35/100\n|-damage|p1a: Rampardos|74/100|[from] Recoil\n|move|p1b: Calyrex dih rider|Hyper Voice|p2a: Zacian|[spread] p2a,p2b\n|-resisted|p2a: Zacian\n|-damage|p2a: Zacian|10/100\n|-damage|p2b: Incineroar|0 fnt\n|faint|p2b: Incineroar\n|move|p2a: Zacian|Behemoth Blade|p1a: Rampardos\n|-supereffective|p1a: Rampardos\n|-damage|p1a: Rampardos|0 fnt\n|faint|p1a: Rampardos\n|\n|upkeep\n|\n|t:|1746098862\n|switch|p1a: Meowstic|Meowstic, L50, M|100/100\n|switch|p2b: Calyrex|Calyrex-Shadow, L50|100/100\n|-ability|p2b: Calyrex|As One\n|-ability|p2b: Calyrex|Unnerve\n|turn|5\n|-message|G00bermeister69420 forfeited.\n|raw|G00bermeister69420's rating: 1009 &rarr; <strong>1000</strong><br />(-9 for losing)\n|raw|ponylord777's rating: 1014 &rarr; <strong>1051</strong><br />(+37 for winning)\n|\n|win|ponylord777\n|l|\u2606G00bermeister69420\n|player|p1|\n|l|\u2606ponylord777\n|player|p2|\n", "uploadtime": 1746099265, "views": 7, "formatid": "gen9vgc2025regibo3", "rating": 1000, "private": 0, "password": null}