{"id": "gen9vgc2025regibo3-2354374365", "format": "[Gen 9] VGC 2025 Reg I (Bo3)", "players": ["Todra507", "ControlGeek"], "log": "|j|\u2606Todra507\n|j|\u2606ControlGeek\n|html|<table width=\"100%\"><tr><td align=\"left\">Todra507</td><td align=\"right\">ControlGeek</tr><tr><td align=\"left\"><i class=\"fa fa-circle-o\"></i> <i class=\"fa fa-circle-o\"></i> </td><td align=\"right\"><i class=\"fa fa-circle-o\"></i> <i class=\"fa fa-circle\"></i> </tr></table>\n|uhtml|bestof|<h2><strong>Game 2</strong> of <a href=\"/game-bestof3-gen9vgc2025regibo3-2354371577\">a best-of-3</a></h2>\n|t:|1746063510\n|gametype|doubles\n|player|p1|Todra507|101|\n|player|p2|ControlGeek|102|\n|teamsize|p1|6\n|teamsize|p2|6\n|gen|9\n|tier|[Gen 9] VGC 2025 Reg I (Bo3)\n|rule|Species Clause: Limit one of each Pok\u00e9mon\n|rule|Item Clause: Limit 1 of each item\n|clearpoke\n|poke|p1|Miraidon, L50|\n|poke|p1|Calyrex-Ice, L50|\n|poke|p1|Farigiraf, L50, M|\n|poke|p1|Iron Hands, L50|\n|poke|p1|Grimmsnarl, L50, M|\n|poke|p1|Iron Treads, L50|\n|poke|p2|Koraidon, L50|\n|poke|p2|Lunala, L50|\n|poke|p2|Whimsicott, L50, M|\n|poke|p2|Entei, L50|\n|poke|p2|Scream Tail, L50|\n|poke|p2|Volcarona, L50, M|\n|teampreview|4\n|showteam|p1|Miraidon||ChoiceSpecs|HadronEngine|ElectroDrift,DracoMeteor,DazzlingGleam,VoltSwitch||||||50|,,,,,Fairy]Calyrex-Ice||ClearAmulet|AsOneGlastrier|GlacialLance,HighHorsepower,TrickRoom,Protect||||||50|,,,,,Water]Farigiraf||ElectricSeed|ArmorTail|FoulPlay,Psychic,HelpingHand,TrickRoom|||M|||50|,,,,,Water]Iron Hands||AssaultVest|QuarkDrive|LowKick,WildCharge,DrainPunch,FakeOut||||||50|,,,,,Water]Grimmsnarl||LightClay|Prankster|SpiritBreak,Reflect,LightScreen,ThunderWave|||M|||50|,,,,,Ghost]Iron Treads||ChoiceBand|QuarkDrive|SteelRoller,HighHorsepower,IronHead,RockTomb||||||50|,,,,,Ghost\n|showteam|p2|Koraidon||LifeOrb|OrichalcumPulse|CloseCombat,FlareBlitz,FlameCharge,Protect||||||50|,,,,,Fire]Lunala||PowerHerb|ShadowShield|MoongeistBeam,MeteorBeam,TrickRoom,WideGuard||||||50|,,,,,Fairy]Whimsicott||FocusSash|Prankster|Moonblast,Tailwind,SunnyDay,MistyTerrain|||M|||50|,,,,,Ghost]Entei||ChoiceBand|InnerFocus|SacredFire,ExtremeSpeed,StompingTantrum,Crunch||||||50|,,,,,Normal]Scream Tail||BoosterEnergy|Protosynthesis|Encore,Disable,DazzlingGleam,Protect||||||50|,,,,,Fairy]Volcarona||RockyHelmet|FlameBody|Overheat,RagePowder,StruggleBug,Protect|||M|||50|,,,,,Grass\n|j| Jbsmah\n|inactive|Battle timer is ON: inactive players will automatically lose when time's up. (requested by Todra507)\n|inactive|ControlGeek has 60 seconds left.\n|\n|t:|1746063561\n|start\n|switch|p1a: Calyrex|Calyrex-Ice, L50|100/100\n|switch|p1b: Grimmsnarl|Grimmsnarl, L50, M|100/100\n|switch|p2a: Joyboy|Koraidon, L50|100/100\n|switch|p2b: Puffle|Whimsicott, L50, M|100/100\n|-ability|p1a: Calyrex|As One\n|-ability|p1a: Calyrex|Unnerve\n|-weather|SunnyDay|[from] ability: Orichalcum Pulse|[of] p2a: Joyboy\n|-activate|p2a: Joyboy|Orichalcum Pulse|[source]\n|turn|1\n|inactive|ControlGeek has 30 seconds left.\n|\n|t:|1746063588\n|-terastallize|p2a: Joyboy|Fire\n|-terastallize|p1a: Calyrex|Water\n|move|p2a: Joyboy|Flare Blitz|p1b: Grimmsnarl\n|-damage|p1b: Grimmsnarl|0 fnt\n|faint|p1b: Grimmsnarl\n|-damage|p2a: Joyboy|62/100|[from] Recoil\n|-damage|p2a: Joyboy|53/100|[from] item: Life Orb\n|move|p2b: Puffle|Moonblast|p1a: Calyrex\n|-damage|p1a: Calyrex|71/100\n|move|p1a: Calyrex|Glacial Lance|p2a: Joyboy|[spread] p2a,p2b\n|-resisted|p2a: Joyboy\n|-supereffective|p2b: Puffle\n|-damage|p2a: Joyboy|25/100\n|-enditem|p2b: Puffle|Focus Sash\n|-damage|p2b: Puffle|1/100\n|\n|-weather|SunnyDay|[upkeep]\n|upkeep\n|\n|t:|1746063594\n|switch|p1b: Farigiraf|Farigiraf, L50, M|100/100\n|turn|2\n|\n|t:|1746063615\n|switch|p2b: Flame Emperor|Entei, L50|100/100\n|switch|p1a: Miraidon|Miraidon, L50|100/100\n|-fieldstart|move: Electric Terrain|[from] ability: Hadron Engine|[of] p1a: Miraidon\n|-enditem|p1b: Farigiraf|Electric Seed\n|-boost|p1b: Farigiraf|def|1|[from] item: Electric Seed\n|move|p2a: Joyboy|Flare Blitz|p1b: Farigiraf\n|-damage|p1b: Farigiraf|16/100\n|-damage|p2a: Joyboy|0 fnt|[from] Recoil\n|faint|p2a: Joyboy\n|move|p1b: Farigiraf|Trick Room|p1b: Farigiraf\n|-fieldstart|move: Trick Room|[of] p1b: Farigiraf\n|\n|-weather|SunnyDay|[upkeep]\n|upkeep\n|\n|t:|1746063628\n|switch|p2a: Khonshu|Lunala, L50|100/100\n|turn|3\n|\n|t:|1746063655\n|move|p1b: Farigiraf|Foul Play|p2a: Khonshu\n|-supereffective|p2a: Khonshu\n|-damage|p2a: Khonshu|69/100\n|move|p2b: Flame Emperor|Sacred Fire|p1b: Farigiraf\n|-damage|p1b: Farigiraf|0 fnt\n|faint|p1b: Farigiraf\n|move|p1a: Miraidon|Volt Switch|p2a: Khonshu\n|-damage|p2a: Khonshu|0 fnt\n|faint|p2a: Khonshu\n|\n|t:|1746063668\n|switch|p1a: Calyrex|Calyrex-Ice, L50, tera:Water|71/100|[from] Volt Switch\n|-ability|p1a: Calyrex|As One\n|-ability|p1a: Calyrex|Unnerve\n|\n|-weather|SunnyDay|[upkeep]\n|upkeep\n|\n|t:|1746063679\n|switch|p1b: Miraidon|Miraidon, L50|100/100\n|switch|p2a: Puffle|Whimsicott, L50, M|1/100\n|-activate|p1b: Miraidon|ability: Hadron Engine\n|turn|4\n|\n|t:|1746063688\n|move|p2a: Puffle|Misty Terrain|p2a: Puffle\n|-fieldstart|move: Misty Terrain\n|move|p1a: Calyrex|Glacial Lance|p2a: Puffle|[spread] p2a,p2b\n|-supereffective|p2a: Puffle\n|-resisted|p2b: Flame Emperor\n|-damage|p2a: Puffle|0 fnt\n|-damage|p2b: Flame Emperor|68/100\n|faint|p2a: Puffle\n|-ability|p1a: Calyrex|Chilling Neigh|boost\n|-boost|p1a: Calyrex|atk|1\n|move|p2b: Flame Emperor|Sacred Fire|p1a: Calyrex\n|-resisted|p1a: Calyrex\n|-damage|p1a: Calyrex|38/100\n|move|p1b: Miraidon|Electro Drift|p2b: Flame Emperor\n|-damage|p2b: Flame Emperor|0 fnt\n|faint|p2b: Flame Emperor\n|\n|win|Todra507\n||Todra507 is ready for game 3.\n|inactive|ControlGeek has 30 seconds to confirm battle start!\n||ControlGeek is ready for game 3.\n|uhtml|next|Next: <a href=\"/battle-gen9vgc2025regibo3-2354375944\"><strong>Game 3 of 3</strong></a>\n|j| Just Sherp\n|l|\u2606ControlGeek\n|player|p2|\n|j|\u2606ControlGeek\n|player|p2|ControlGeek|102|\n|l| Jbsmah\n", "uploadtime": 1746063950, "views": 23, "formatid": "gen9vgc2025regibo3", "rating": null, "private": 0, "password": null}