{"id": "gen9vgc2025regibo3-2354229075", "format": "[Gen 9] VGC 2025 Reg I (Bo3)", "players": ["Adrianeto123", "Phantomknight418"], "log": "|j|\u2606Adrianeto123\n|j|\u2606Phantomknight418\n|html|<table width=\"100%\"><tr><td align=\"left\">Adrianeto123</td><td align=\"right\">Phantomknight418</tr><tr><td align=\"left\"><i class=\"fa fa-circle-o\"></i> <i class=\"fa fa-circle-o\"></i> </td><td align=\"right\"><i class=\"fa fa-circle-o\"></i> <i class=\"fa fa-circle-o\"></i> </tr></table>\n|uhtml|bestof|<h2><strong>Game 1</strong> of <a href=\"/game-bestof3-gen9vgc2025regibo3-2354229074\">a best-of-3</a></h2>\n|t:|1746046905\n|gametype|doubles\n|player|p1|Adrianeto123|alder|1037\n|player|p2|Phantomknight418|1|1096\n|teamsize|p1|6\n|teamsize|p2|6\n|gen|9\n|tier|[Gen 9] VGC 2025 Reg I (Bo3)\n|rated|\n|rule|Species Clause: Limit one of each Pok\u00e9mon\n|rule|Item Clause: Limit 1 of each item\n|clearpoke\n|poke|p1|Rayquaza, L50|\n|poke|p1|Kyogre, L50|\n|poke|p1|Raichu, L50, F|\n|poke|p1|Flutter Mane, L50|\n|poke|p1|Urshifu-*, L50, M|\n|poke|p1|Scizor, L50, F|\n|poke|p2|Calyrex-Shadow, L50|\n|poke|p2|Koraidon, L50|\n|poke|p2|Chi-Yu, L50|\n|poke|p2|Incineroar, L50, F|\n|poke|p2|Flutter Mane, L50|\n|poke|p2|Brute Bonnet, L50|\n|teampreview|4\n|showteam|p1|Rayquaza||ClearAmulet|AirLock|DragonAscent,SwordsDance,ExtremeSpeed,Protect||||||50|,,,,,Normal]Kyogre||MysticWater|Drizzle|WaterSpout,OriginPulse,IceBeam,Protect||||||50|,,,,,Water]Raichu||AssaultVest|LightningRod|FakeOut,Electroweb,VoltSwitch,UpperHand|||F|||50|,,,,,Flying]Flutter Mane||BoosterEnergy|Protosynthesis|Moonblast,ShadowBall,IcyWind,Protect||||||50|,,,,,Fairy]Urshifu-Rapid-Strike||FocusSash|UnseenFist|SurgingStrikes,CloseCombat,Taunt,Detect|||M|||50|,,,,,Stellar]Scizor||ChoiceBand|Technician|BugBite,BulletPunch,DualWingbeat,CloseCombat|||F|||50|,,,,,Flying\n|showteam|p2|Calyrex-Shadow||FocusSash|AsOneSpectrier|Protect,NastyPlot,AstralBarrage,Psychic||||||50|,,,,,Dark]Koraidon||LifeOrb|OrichalcumPulse|Protect,FlameCharge,FlareBlitz,CloseCombat||||||50|,,,,,Fire]Chi-Yu||ChoiceScarf|BeadsofRuin|Snarl,DarkPulse,HeatWave,Overheat||||||50|,,,,,Ghost]Incineroar||AssaultVest|Intimidate|FakeOut,FlareBlitz,KnockOff,Uturn|||F|||50|,,,,,Bug]Flutter Mane||BoosterEnergy|Protosynthesis|Protect,Taunt,IcyWind,Moonblast||||||50|,,,,,Normal]Brute Bonnet||CovertCloak|Protosynthesis|Spore,RagePowder,SuckerPunch,SeedBomb||||||50|,,,,,Water\n|inactive|Battle timer is ON: inactive players will automatically lose when time's up. (requested by Phantomknight418)\n|\n|t:|1746046931\n|start\n|switch|p1a: Kyogre|Kyogre, L50, shiny|100/100\n|switch|p1b: Raichu|Raichu, L50, F, shiny|100/100\n|switch|p2a: Brute Bonnet|Brute Bonnet, L50, shiny|100/100\n|switch|p2b: Calyrex|Calyrex-Shadow, L50|100/100\n|-ability|p2b: Calyrex|As One\n|-ability|p2b: Calyrex|Unnerve\n|-weather|RainDance|[from] ability: Drizzle|[of] p1a: Kyogre\n|turn|1\n|inactive|Phantomknight418 has 30 seconds left.\n|\n|t:|1746046959\n|switch|p2b: Koraidon|Koraidon, L50|100/100\n|-weather|SunnyDay|[from] ability: Orichalcum Pulse|[of] p2b: Koraidon\n|-activate|p2a: Brute Bonnet|ability: Protosynthesis\n|-start|p2a: Brute Bonnet|protosynthesisdef\n|-activate|p2b: Koraidon|Orichalcum Pulse|[source]\n|move|p1b: Raichu|Fake Out|p2a: Brute Bonnet\n|-damage|p2a: Brute Bonnet|97/100\n|move|p1a: Kyogre|Origin Pulse|p2b: Koraidon|[spread] p2a,p2b\n|-resisted|p2a: Brute Bonnet\n|-resisted|p2b: Koraidon\n|-damage|p2a: Brute Bonnet|85/100\n|-damage|p2b: Koraidon|85/100\n|move|p2a: Brute Bonnet|Spore|p1a: Kyogre\n|-status|p1a: Kyogre|slp|[from] move: Spore\n|\n|-weather|SunnyDay|[upkeep]\n|upkeep\n|turn|2\n|inactive|Adrianeto123 has 30 seconds left.\n|\n|t:|1746046987\n|move|p2b: Koraidon|Close Combat|p1a: Kyogre\n|-damage|p1a: Kyogre|0 fnt\n|-unboost|p2b: Koraidon|def|1\n|-unboost|p2b: Koraidon|spd|1\n|faint|p1a: Kyogre\n|-damage|p2b: Koraidon|75/100|[from] item: Life Orb\n|move|p1b: Raichu|Electroweb|p2b: Koraidon|[spread] p2a,p2b\n|-resisted|p2a: Brute Bonnet\n|-resisted|p2b: Koraidon\n|-crit|p2b: Koraidon\n|-damage|p2a: Brute Bonnet|80/100\n|-damage|p2b: Koraidon|60/100\n|-unboost|p2b: Koraidon|spe|1\n|move|p2a: Brute Bonnet|Spore|p1b: Raichu\n|-status|p1b: Raichu|slp|[from] move: Spore\n|\n|-weather|SunnyDay|[upkeep]\n|upkeep\n|\n|t:|1746047004\n|switch|p1a: Scizor|Scizor, L50, F, shiny|100/100\n|turn|3\n|\n|t:|1746047013\n|switch|p2b: Chi-Yu|Chi-Yu, L50|100/100\n|-ability|p2b: Chi-Yu|Beads of Ruin\n|-terastallize|p1a: Scizor|Flying\n|cant|p1b: Raichu|slp\n|move|p2a: Brute Bonnet|Spore|p1a: Scizor\n|-status|p1a: Scizor|slp|[from] move: Spore\n|cant|p1a: Scizor|slp\n|\n|-weather|SunnyDay|[upkeep]\n|upkeep\n|turn|4\n|\n|t:|1746047033\n|move|p2a: Brute Bonnet|Sucker Punch|p1b: Raichu\n|-damage|p1b: Raichu|55/100 slp\n|move|p2b: Chi-Yu|Heat Wave|p1a: Scizor|[spread] p1a,p1b\n|-damage|p1a: Scizor|13/100 slp\n|-damage|p1b: Raichu|0 fnt\n|faint|p1b: Raichu\n|cant|p1a: Scizor|slp\n|\n|-weather|SunnyDay|[upkeep]\n|upkeep\n|inactive|Adrianeto123 has 30 seconds left.\n|\n|t:|1746047063\n|switch|p1b: Flutter Mane|Flutter Mane, L50, shiny|100/100\n|-activate|p1b: Flutter Mane|ability: Protosynthesis\n|-start|p1b: Flutter Mane|protosynthesisspe\n|turn|5\n|\n|t:|1746047085\n|move|p2a: Brute Bonnet|Sucker Punch|p1b: Flutter Mane\n|-damage|p1b: Flutter Mane|43/100\n|move|p1b: Flutter Mane|Icy Wind|p2b: Chi-Yu|[spread] p2a,p2b\n|-supereffective|p2a: Brute Bonnet\n|-resisted|p2b: Chi-Yu\n|-damage|p2a: Brute Bonnet|49/100\n|-damage|p2b: Chi-Yu|91/100\n|-unboost|p2b: Chi-Yu|spe|1\n|move|p2b: Chi-Yu|Heat Wave|p1a: Scizor|[spread] p1b\n|-miss|p2b: Chi-Yu|p1a: Scizor\n|-damage|p1b: Flutter Mane|0 fnt\n|faint|p1b: Flutter Mane\n|-end|p1b: Flutter Mane|Protosynthesis|[silent]\n|cant|p1a: Scizor|slp\n|\n|-weather|none\n|-end|p2a: Brute Bonnet|Protosynthesis\n|upkeep\n|turn|6\n|\n|t:|1746047101\n|-curestatus|p1a: Scizor|slp|[msg]\n|move|p1a: Scizor|Bullet Punch|p2b: Chi-Yu\n|-resisted|p2b: Chi-Yu\n|-damage|p2b: Chi-Yu|47/100\n|move|p2b: Chi-Yu|Heat Wave|p1a: Scizor\n|-damage|p1a: Scizor|0 fnt\n|faint|p1a: Scizor\n|\n|win|Phantomknight418\n||Adrianeto123 is ready for game 2.\n||Phantomknight418 is ready for game 2.\n|uhtml|next|Next: <a href=\"/battle-gen9vgc2025regibo3-2354231121\"><strong>Game 2 of 3</strong></a>\n|l|\u2606Adrianeto123\n|player|p1|\n", "uploadtime": 1746047273, "views": 7, "formatid": "gen9vgc2025regibo3", "rating": null, "private": 0, "password": null}