{"id": "gen9vgc2025regibo3-2353747532", "format": "[Gen 9] VGC 2025 Reg I (Bo3)", "players": ["AtePlays", "tonycity1"], "log": "|j|\u2606AtePlays\n|j|\u2606tonycity1\n|html|<table width=\"100%\"><tr><td align=\"left\">AtePlays</td><td align=\"right\">tonycity1</tr><tr><td align=\"left\"><i class=\"fa fa-circle-o\"></i> <i class=\"fa fa-circle-o\"></i> </td><td align=\"right\"><i class=\"fa fa-circle-o\"></i> <i class=\"fa fa-circle\"></i> </tr></table>\n|uhtml|bestof|<h2><strong>Game 2</strong> of <a href=\"/game-bestof3-gen9vgc2025regibo3-2353745523\">a best-of-3</a></h2>\n|t:|1745993107\n|gametype|doubles\n|player|p1|AtePlays|170|1047\n|player|p2|tonycity1|lucas|1042\n|teamsize|p1|6\n|teamsize|p2|5\n|gen|9\n|tier|[Gen 9] VGC 2025 Reg I (Bo3)\n|rated|\n|rule|Species Clause: Limit one of each Pok\u00e9mon\n|rule|Item Clause: Limit 1 of each item\n|clearpoke\n|poke|p1|Iron Hands, L50|\n|poke|p1|Ogerpon-Hearthflame, L50, F|\n|poke|p1|Calyrex-Ice, L50|\n|poke|p1|Farigiraf, L50, M|\n|poke|p1|Whimsicott, L50, F|\n|poke|p1|Zacian-*, L50|\n|poke|p2|Calyrex-Shadow, L50|\n|poke|p2|Incineroar, L50, F|\n|poke|p2|Terapagos, L50, M|\n|poke|p2|Mienshao, L50, M|\n|poke|p2|Tornadus, L50, M|\n|teampreview|4\n|showteam|p1|Iron Hands||AssaultVest|QuarkDrive|FakeOut,LowKick,DrainPunch,SupercellSlam||||||50|,,,,,Bug]Ogerpon-Hearthflame||HearthflameMask|MoldBreaker|FollowMe,HelpingHand,IvyCudgel,SpikyShield|||F|||50|,,,,,Fire]Calyrex-Ice||ClearAmulet|AsOneGlastrier|GlacialLance,HighHorsepower,TrickRoom,Protect||||||50|,,,,,Water]Farigiraf||ElectricSeed|ArmorTail|Protect,HelpingHand,TrickRoom,Psychic|||M|||50|,,,,,Steel]Whimsicott||FocusSash|Prankster|Tailwind,Encore,Protect,Taunt|||F|||50|,,,,,Grass]Zacian-Crowned||RustedSword|IntrepidSword|SwordsDance,behemothblade,SacredSword,PlayRough||||||50|,,,,,Dragon\n|showteam|p2|Calyrex-Shadow||LifeOrb|AsOneSpectrier|AstralBarrage,Psychic,Protect,Taunt||||||50|,,,,,Psychic]Incineroar||SitrusBerry|Intimidate|FakeOut,PartingShot,FlareBlitz,KnockOff|||F|||50|,,,,,Ghost]Terapagos||Leftovers|TeraShift|TeraStarstorm,CalmMind,Protect,EarthPower|||M|||50|,,,,,Stellar]Mienshao||FocusSash|Regenerator|FakeOut,WideGuard,Uturn,CloseCombat|||M|||50|,,,,,Bug]Tornadus||CovertCloak|Prankster|IcyWind,BleakwindStorm,Tailwind,Taunt|||M|||50|,,,,,Dark\n|inactive|Battle timer is ON: inactive players will automatically lose when time's up. (requested by tonycity1)\n|\n|t:|1745993125\n|start\n|switch|p1a: Ogerpon|Ogerpon-Hearthflame, L50, F|100/100\n|switch|p1b: Whimsicott|Whimsicott, L50, F|100/100\n|switch|p2a: Terapagos|Terapagos, L50, M|100/100\n|switch|p2b: Incineroar|Incineroar, L50, F, shiny|100/100\n|-activate|p2a: Terapagos|ability: Tera Shift\n|detailschange|p2a: Terapagos|Terapagos-Terastal, L50, M\n|-heal|p2a: Terapagos|100/100|[silent]\n|-ability|p1a: Ogerpon|Mold Breaker\n|-ability|p2b: Incineroar|Intimidate|boost\n|-unboost|p1a: Ogerpon|atk|1\n|-unboost|p1b: Whimsicott|atk|1\n|turn|1\n|inactive|tonycity1 has 30 seconds left.\n|\n|t:|1745993150\n|-terastallize|p1a: Ogerpon|Fire\n|detailschange|p1a: Ogerpon|Ogerpon-Hearthflame-Tera, L50, F, tera:Fire\n|-ability|p1a: Ogerpon|Embody Aspect (Hearthflame)|boost\n|-boost|p1a: Ogerpon|atk|1\n|move|p2b: Incineroar|Fake Out|p1a: Ogerpon\n|-damage|p1a: Ogerpon|89/100\n|move|p1b: Whimsicott|Tailwind|p1b: Whimsicott\n|-sidestart|p1: AtePlays|move: Tailwind\n|cant|p1a: Ogerpon|flinch\n|move|p2a: Terapagos|Calm Mind|p2a: Terapagos\n|-boost|p2a: Terapagos|spa|1\n|-boost|p2a: Terapagos|spd|1\n|\n|upkeep\n|turn|2\n|inactive|tonycity1 has 30 seconds left.\n|\n|t:|1745993183\n|-terastallize|p2a: Terapagos|Stellar\n|detailschange|p2a: Terapagos|Terapagos-Stellar, L50, M, tera:Stellar\n|-heal|p2a: Terapagos|100/100|[silent]\n|move|p1b: Whimsicott|Encore|p2a: Terapagos\n|-start|p2a: Terapagos|Encore\n|move|p1a: Ogerpon|Ivy Cudgel|p2a: Terapagos|[anim] Ivy Cudgel Fire\n|-damage|p2a: Terapagos|49/100\n|move|p2a: Terapagos|Calm Mind|p2a: Terapagos\n|-boost|p2a: Terapagos|spa|1\n|-boost|p2a: Terapagos|spd|1\n|move|p2b: Incineroar|Parting Shot|p1b: Whimsicott\n|-unboost|p1b: Whimsicott|atk|1\n|-unboost|p1b: Whimsicott|spa|1\n|\n|t:|1745993202\n|switch|p2b: Mienshao|Mienshao, L50, M, shiny|100/100|[from] Parting Shot\n|\n|-heal|p2a: Terapagos|55/100|[from] item: Leftovers\n|upkeep\n|turn|3\n|\n|t:|1745993218\n|switch|p1b: Farigiraf|Farigiraf, L50, M|100/100\n|move|p2b: Mienshao|Fake Out||[still]\n|cant|p1b: Farigiraf|ability: Armor Tail|Fake Out|[of] p2b: Mienshao\n|move|p1a: Ogerpon|Ivy Cudgel|p2a: Terapagos|[anim] Ivy Cudgel Fire\n|-damage|p2a: Terapagos|1/100\n|move|p2a: Terapagos|Calm Mind|p2a: Terapagos\n|-boost|p2a: Terapagos|spa|1\n|-boost|p2a: Terapagos|spd|1\n|\n|-heal|p2a: Terapagos|7/100|[from] item: Leftovers\n|upkeep\n|turn|4\n|-message|tonycity1 forfeited.\n|\n|win|AtePlays\n|l|\u2606tonycity1\n|player|p2|\n||AtePlays is ready for game 3.\n|inactive|tonycity1 has 30 seconds to confirm battle start!\n|inactive|tonycity1 has 20 seconds to confirm battle start!\n|inactive|tonycity1 has 10 seconds to confirm battle start!\n|uhtml|next|Next: <a href=\"/battle-gen9vgc2025regibo3-2353748426\"><strong>Game 3 of 3</strong></a>\n", "uploadtime": 1745993532, "views": 6, "formatid": "gen9vgc2025regibo3", "rating": null, "private": 0, "password": null}