{"id": "gen9vgc2025regibo3-2353657597", "format": "[Gen 9] VGC 2025 Reg I (Bo3)", "players": ["Kevin864", "G00bermeister69420"], "log": "|j|\u2606Kevin864\n|j|\u2606G00bermeister69420\n|html|<table width=\"100%\"><tr><td align=\"left\">Kevin864</td><td align=\"right\">G00bermeister69420</tr><tr><td align=\"left\"><i class=\"fa fa-circle\"></i> <i class=\"fa fa-circle-o\"></i> </td><td align=\"right\"><i class=\"fa fa-circle-o\"></i> <i class=\"fa fa-circle\"></i> </tr></table>\n|uhtml|bestof|<h2><strong>Game 3</strong> of <a href=\"/game-bestof3-gen9vgc2025regibo3-2353655786\">a best-of-3</a></h2>\n|t:|1745979914\n|gametype|doubles\n|player|p1|Kevin864|pokemaniac|1050\n|player|p2|G00bermeister69420|hiker-gen4|1080\n|teamsize|p1|6\n|teamsize|p2|6\n|gen|9\n|tier|[Gen 9] VGC 2025 Reg I (Bo3)\n|rated|\n|rule|Species Clause: Limit one of each Pok\u00e9mon\n|rule|Item Clause: Limit 1 of each item\n|clearpoke\n|poke|p1|Regigigas, L50|\n|poke|p1|Comfey, L50, F|\n|poke|p1|Breloom, L50, M|\n|poke|p1|Medicham, L50, F|\n|poke|p1|Indeedee-F, L50, F|\n|poke|p1|Whimsicott, L50, F|\n|poke|p2|Whimsicott, L50, M|\n|poke|p2|Flutter Mane, L50|\n|poke|p2|Eternatus, L50|\n|poke|p2|Ribombee, L50, F|\n|poke|p2|Miraidon, L50|\n|poke|p2|Farigiraf, L50, M|\n|teampreview|4\n|showteam|p1|Regigigas||ClearAmulet|SlowStart|HeavySlam,DrainPunch,IcePunch,KnockOff||||||50|,,,,,Ghost]Comfey||MentalHerb|Triage|FloralHealing,LeechSeed,TrickRoom,HelpingHand|||F|||50|,,,,,Steel]Breloom||LoadedDice|Technician|MachPunch,BulletSeed,ForcePalm,Spore|||M|||50|,,,,,Grass]Medicham||FocusSash|PurePower|BrickBreak,FakeOut,TrickRoom,SkillSwap|||F|||50|,,,,,Fighting]Indeedee-F||EjectButton|PsychicSurge|HyperVoice,TrickRoom,FollowMe,Protect|||F|||50|,,,,,Normal]Whimsicott||SitrusBerry|Prankster|Moonblast,Encore,Tailwind,WorrySeed|||F|||50|,,,,,Fairy\n|showteam|p2|Whimsicott||CovertCloak|Prankster|FakeTears,Tailwind,Taunt,Encore|||M|||50|,,,,,Grass]Flutter Mane||BoosterEnergy|Protosynthesis|FakeTears,Taunt,IcyWind,DazzlingGleam||||||50|,,,,,Ghost]Eternatus||LifeOrb|Pressure|DynamaxCannon,SludgeBomb,Flamethrower,Protect||||||50|,,,,,Dragon]Ribombee||MentalHerb|SweetVeil|PollenPuff,Protect,FakeTears,Tailwind|||F|||50|,,,,,Bug]Miraidon||ChoiceSpecs|HadronEngine|ElectroDrift,Discharge,DracoMeteor,DazzlingGleam||||||50|,,,,,Electric]Farigiraf||FocusSash|ArmorTail|TrickRoom,Protect,Imprison,HelpingHand|||M|||50|,,,,,Normal\n|inactive|Battle timer is ON: inactive players will automatically lose when time's up. (requested by G00bermeister69420)\n|inactive|Kevin864 has 60 seconds left.\n|inactive|Kevin864 has 30 seconds left.\n|inactive|Kevin864 has 20 seconds left.\n|inactive|Kevin864 has 15 seconds left.\n|inactive|Kevin864 has 10 seconds left.\n|inactive|Kevin864 has 5 seconds left.\n|\n|t:|1745980099\n|start\n|switch|p1a: Goku|Regigigas, L50|100/100\n|switch|p1b: Comfey|Comfey, L50, F, shiny|100/100\n|switch|p2a: Shabonculars|Whimsicott, L50, M|100/100\n|switch|p2b: Drinboogerklok|Miraidon, L50|100/100\n|-fieldstart|move: Electric Terrain|[from] ability: Hadron Engine|[of] p2b: Drinboogerklok\n|-start|p1a: Goku|ability: Slow Start\n|turn|1\n|inactive|Kevin864 has 30 seconds left.\n|inactive|G00bermeister69420 has 30 seconds left.\n|l|\u2606Kevin864\n|inactive|Kevin864 disconnected and has a minute to reconnect!\n|player|p1|\n|inactive|Kevin864 has 20 seconds left.\n|inactive|G00bermeister69420 has 20 seconds left.\n|inactive|Kevin864 has 15 seconds left.\n|inactive|G00bermeister69420 has 15 seconds left.\n|inactive|Kevin864 has 10 seconds left.\n|inactive|G00bermeister69420 has 10 seconds left.\n|inactive|Kevin864 has 5 seconds left.\n|-message|Kevin864 lost due to inactivity.\n|\n|win|G00bermeister69420\n|raw|Kevin864's rating: 1050 &rarr; <strong>1034</strong><br />(-16 for losing)\n|raw|G00bermeister69420's rating: 1080 &rarr; <strong>1106</strong><br />(+26 for winning)\n", "uploadtime": 1745980156, "views": 6, "formatid": "gen9vgc2025regibo3", "rating": 1034, "private": 0, "password": null}