{"id": "gen9vgc2025regibo3-2353698252", "format": "[Gen 9] VGC 2025 Reg I (Bo3)", "players": ["CatMaidMiller", "mugaywara"], "log": "|j|\u2606CatMaidMiller\n|j|\u2606mugaywara\n|html|<table width=\"100%\"><tr><td align=\"left\">CatMaidMiller</td><td align=\"right\">mugaywara</tr><tr><td align=\"left\"><i class=\"fa fa-circle-o\"></i> <i class=\"fa fa-circle-o\"></i> </td><td align=\"right\"><i class=\"fa fa-circle-o\"></i> <i class=\"fa fa-circle\"></i> </tr></table>\n|uhtml|bestof|<h2><strong>Game 2</strong> of <a href=\"/game-bestof3-gen9vgc2025regibo3-2353695836\">a best-of-3</a></h2>\n|t:|1745985145\n|gametype|doubles\n|player|p1|CatMaidMiller|waitress-gen4|1177\n|player|p2|mugaywara|pokekid|1116\n|teamsize|p1|6\n|teamsize|p2|6\n|gen|9\n|tier|[Gen 9] VGC 2025 Reg I (Bo3)\n|rated|\n|rule|Species Clause: Limit one of each Pok\u00e9mon\n|rule|Item Clause: Limit 1 of each item\n|clearpoke\n|poke|p1|Calyrex-Ice, L50|\n|poke|p1|Landorus, L50, M|\n|poke|p1|Amoonguss, L50, F|\n|poke|p1|Urshifu-*, L50, M|\n|poke|p1|Roaring Moon, L50|\n|poke|p1|Kyogre, L50|\n|poke|p2|Lunala, L50|\n|poke|p2|Indeedee-F, L50, F|\n|poke|p2|Calyrex-Ice, L50|\n|poke|p2|Torkoal, L50, F|\n|poke|p2|Ogerpon-Wellspring, L50, F|\n|poke|p2|Raging Bolt, L50|\n|teampreview|4\n|showteam|p1|Calyrex-Ice||ClearAmulet|AsOneGlastrier|GlacialLance,HighHorsepower,Protect,TrickRoom||||||50|,,,,,Fairy]Landorus||LifeOrb|SheerForce|EarthPower,SludgeBomb,SandsearStorm,Protect|||M|||50|,,,,,Water]Amoonguss||CovertCloak|Regenerator|PollenPuff,Spore,RagePowder,Protect|||F|||50|,,,,,Fairy]Urshifu-Rapid-Strike||ChoiceScarf|UnseenFist|SurgingStrikes,AquaJet,CloseCombat,Uturn|||M|||50|,,,,,Water]Roaring Moon||BoosterEnergy|Protosynthesis|KnockOff,Acrobatics,Protect,Tailwind||||||50|,,,,,Flying]Kyogre||AssaultVest|Drizzle|WaterSpout,OriginPulse,IceBeam,Thunder||||||50|,,,,,Grass\n|showteam|p2|Lunala||Leftovers|ShadowShield|MoongeistBeam,ExpandingForce,WideGuard,TrickRoom||||||50|,,,,,Fairy]Indeedee-F||PsychicSeed|PsychicSurge|DazzlingGleam,FollowMe,HelpingHand,TrickRoom|||F|||50|,,,,,Fairy]Calyrex-Ice||ClearAmulet|AsOneGlastrier|GlacialLance,HighHorsepower,TrickRoom,Protect||||||50|,,,,,Fire]Torkoal||Charcoal|Drought|Overheat,EarthPower,Eruption,Protect|||F|||50|,,,,,Fire]Ogerpon-Wellspring||WellspringMask|WaterAbsorb|IvyCudgel,HornLeech,FollowMe,SpikyShield|||F|||50|,,,,,Water]Raging Bolt||AssaultVest|Protosynthesis|Thunderclap,DracoMeteor,Thunderbolt,Snarl||||||50|,,,,,Electric\n|\n|t:|1745985220\n|start\n|switch|p1a: Calyrex|Calyrex-Ice, L50|100/100\n|switch|p1b: Landorus|Landorus, L50, M, shiny|100/100\n|switch|p2a: jacob|Calyrex-Ice, L50|100/100\n|switch|p2b: rosalie|Ogerpon-Wellspring, L50, F|100/100\n|-ability|p1a: Calyrex|As One\n|-ability|p1a: Calyrex|Unnerve\n|-ability|p2a: jacob|As One\n|-ability|p2a: jacob|Unnerve\n|turn|1\n|\n|t:|1745985257\n|-terastallize|p1b: Landorus|Water\n|-terastallize|p2b: rosalie|Water\n|detailschange|p2b: rosalie|Ogerpon-Wellspring-Tera, L50, F, tera:Water\n|-ability|p2b: rosalie|Embody Aspect (Wellspring)|boost\n|-boost|p2b: rosalie|spd|1\n|move|p1b: Landorus|Sludge Bomb|p2b: rosalie\n|-damage|p2b: rosalie|67/100\n|move|p2b: rosalie|Ivy Cudgel|p1a: Calyrex|[anim] Ivy Cudgel Water\n|-damage|p1a: Calyrex|55/100\n|move|p1a: Calyrex|Glacial Lance|p2b: rosalie|[spread] p2a,p2b\n|-resisted|p2a: jacob\n|-resisted|p2b: rosalie\n|-damage|p2a: jacob|85/100\n|-damage|p2b: rosalie|40/100\n|move|p2a: jacob|Glacial Lance|p1b: Landorus|[spread] p1a,p1b\n|-resisted|p1a: Calyrex\n|-resisted|p1b: Landorus\n|-damage|p1a: Calyrex|35/100\n|-damage|p1b: Landorus|70/100\n|\n|upkeep\n|turn|2\n|\n|t:|1745985284\n|move|p1b: Landorus|Earth Power|p2b: rosalie\n|-crit|p2b: rosalie\n|-damage|p2b: rosalie|0 fnt\n|faint|p2b: rosalie\n|move|p1a: Calyrex|Glacial Lance|p2a: jacob\n|-resisted|p2a: jacob\n|-damage|p2a: jacob|61/100\n|move|p2a: jacob|High Horsepower|p1a: Calyrex\n|-damage|p1a: Calyrex|11/100\n|\n|upkeep\n|\n|t:|1745985303\n|switch|p2b: edward|Lunala, L50|100/100\n|turn|3\n|\n|t:|1745985343\n|move|p1b: Landorus|Sludge Bomb|p2a: jacob\n|-damage|p2a: jacob|31/100\n|move|p1a: Calyrex|High Horsepower|p2a: jacob\n|-damage|p2a: jacob|7/100\n|move|p2a: jacob|Glacial Lance|p1a: Calyrex|[spread] p1a,p1b\n|-resisted|p1a: Calyrex\n|-resisted|p1b: Landorus\n|-damage|p1a: Calyrex|0 fnt\n|-damage|p1b: Landorus|39/100\n|faint|p1a: Calyrex\n|-ability|p2a: jacob|Chilling Neigh|boost\n|-boost|p2a: jacob|atk|1\n|move|p2b: edward|Trick Room|p2b: edward\n|-fieldstart|move: Trick Room|[of] p2b: edward\n|\n|upkeep\n|\n|t:|1745985355\n|switch|p1a: Kyogre|Kyogre, L50, shiny|100/100\n|-weather|RainDance|[from] ability: Drizzle|[of] p1a: Kyogre\n|turn|4\n|\n|t:|1745985392\n|move|p2a: jacob|Glacial Lance|p1b: Landorus|[spread] p1a,p1b\n|-resisted|p1a: Kyogre\n|-resisted|p1b: Landorus\n|-damage|p1a: Kyogre|60/100\n|-damage|p1b: Landorus|0 fnt\n|faint|p1b: Landorus\n|-ability|p2a: jacob|Chilling Neigh|boost\n|-boost|p2a: jacob|atk|1\n|move|p2b: edward|Moongeist Beam|p1a: Kyogre\n|-damage|p1a: Kyogre|30/100\n|move|p1a: Kyogre|Origin Pulse|p2b: edward|[spread] p2b\n|-miss|p1a: Kyogre|p2a: jacob\n|-damage|p2b: edward|73/100\n|\n|-weather|RainDance|[upkeep]\n|-heal|p2b: edward|79/100|[from] item: Leftovers\n|upkeep\n|\n|t:|1745985397\n|switch|p1b: Roaring Moon|Roaring Moon, L50, shiny|100/100\n|-enditem|p1b: Roaring Moon|Booster Energy\n|-activate|p1b: Roaring Moon|ability: Protosynthesis|[fromitem]\n|-start|p1b: Roaring Moon|protosynthesisspe\n|turn|5\n|-message|CatMaidMiller forfeited.\n|raw|CatMaidMiller's rating: 1177 &rarr; <strong>1148</strong><br />(-29 for losing)\n|raw|mugaywara's rating: 1116 &rarr; <strong>1145</strong><br />(+29 for winning)\n|\n|win|mugaywara\n", "uploadtime": 1745985439, "views": 12, "formatid": "gen9vgc2025regibo3", "rating": 1145, "private": 0, "password": null}