{"id": "gen9vgc2025regibo3-2355145742", "format": "[Gen 9] VGC 2025 Reg I (Bo3)", "players": ["Schmixed_007", "roykeenkennedy"], "log": "|j|\u2606Schmixed_007\n|j|\u2606roykeenkennedy\n|html|<table width=\"100%\"><tr><td align=\"left\">Schmixed_007</td><td align=\"right\">roykeenkennedy</tr><tr><td align=\"left\"><i class=\"fa fa-circle\"></i> <i class=\"fa fa-circle-o\"></i> </td><td align=\"right\"><i class=\"fa fa-circle-o\"></i> <i class=\"fa fa-circle-o\"></i> </tr></table>\n|uhtml|bestof|<h2><strong>Game 2</strong> of <a href=\"/game-bestof3-gen9vgc2025regibo3-2355143290\">a best-of-3</a></h2>\n|t:|1746158459\n|gametype|doubles\n|player|p1|Schmixed_007|266|1153\n|player|p2|roykeenkennedy|alder|1390\n|teamsize|p1|6\n|teamsize|p2|6\n|gen|9\n|tier|[Gen 9] VGC 2025 Reg I (Bo3)\n|rated|\n|rule|Species Clause: Limit one of each Pok\u00e9mon\n|rule|Item Clause: Limit 1 of each item\n|clearpoke\n|poke|p1|Volcarona, L50, M|\n|poke|p1|Miraidon, L50|\n|poke|p1|Zamazenta-*, L50|\n|poke|p1|Iron Hands, L50|\n|poke|p1|Ditto, L50|\n|poke|p1|Grimmsnarl, L50, M|\n|poke|p2|Calyrex-Ice, L50|\n|poke|p2|Annihilape, L50, M|\n|poke|p2|Indeedee-F, L50, F|\n|poke|p2|Miraidon, L50|\n|poke|p2|Grimmsnarl, L50, M|\n|poke|p2|Magmar, L50, M|\n|teampreview|4\n|showteam|p1|Volcarona||SitrusBerry|FlameBody|FieryDance,QuiverDance,GigaDrain,Protect|||M|||50|,,,,,Grass]Miraidon||ChoiceSpecs|HadronEngine|ElectroDrift,VoltSwitch,DracoMeteor,DazzlingGleam||||||50|,,,,,Fairy]Zamazenta-Crowned||RustedShield|DauntlessShield|BodyPress,HeavySlam,WideGuard,Protect||||||50|,,,,,Dragon]Iron Hands||AssaultVest|QuarkDrive|DrainPunch,WildCharge,VoltSwitch,FakeOut||||||50|,,,,,Bug]Ditto||FocusSash|Imposter|Transform||||||50|,,,,,Normal]Grimmsnarl||LightClay|Prankster|Reflect,LightScreen,ThunderWave,FoulPlay|||M|||50|,,,,,Steel\n|showteam|p2|Calyrex-Ice||ClearAmulet|AsOneGlastrier|GlacialLance,TrickRoom,Protect,HighHorsepower||||||50|,,,,,Water]Annihilape||ChoiceScarf|Defiant|Coaching,RageFist,FinalGambit,BrickBreak|||M|||50|,,,,,Water]Indeedee-F||FocusSash|Synchronize|FakeOut,FollowMe,HelpingHand,TrickRoom|||F|||50|,,,,,Fairy]Miraidon||AssaultVest|HadronEngine|VoltSwitch,Snarl,ElectroDrift,DracoMeteor||||||50|,,,,,Electric]Grimmsnarl||LightClay|Prankster|Reflect,LightScreen,SpiritBreak,FoulPlay|||M|||50|,,,,,Ghost]Magmar||Eviolite|FlameBody|WillOWisp,ClearSmog,FollowMe,Overheat|||M|||50|,,,,,Grass\n|\n|t:|1746158488\n|start\n|switch|p1a: Zamazenta|Zamazenta-Crowned, L50|100/100\n|switch|p1b: Grimmsnarl|Grimmsnarl, L50, M, shiny|100/100\n|switch|p2a: Calyrex|Calyrex-Ice, L50|100/100\n|switch|p2b: Annihilape|Annihilape, L50, M|100/100\n|-ability|p2a: Calyrex|As One\n|-ability|p2a: Calyrex|Unnerve\n|-ability|p1a: Zamazenta|Dauntless Shield|boost\n|-boost|p1a: Zamazenta|def|1\n|turn|1\n|\n|t:|1746158513\n|-terastallize|p2a: Calyrex|Water\n|move|p1b: Grimmsnarl|Thunder Wave|p2b: Annihilape\n|-status|p2b: Annihilape|par\n|move|p1a: Zamazenta|Heavy Slam|p2b: Annihilape\n|-damage|p2b: Annihilape|54/100 par\n|cant|p2b: Annihilape|par\n|move|p2a: Calyrex|Glacial Lance|p1a: Zamazenta|[spread] p1a,p1b\n|-resisted|p1a: Zamazenta\n|-damage|p1a: Zamazenta|87/100\n|-damage|p1b: Grimmsnarl|47/100\n|\n|upkeep\n|turn|2\n|\n|t:|1746158530\n|move|p1a: Zamazenta|Protect|p1a: Zamazenta\n|-singleturn|p1a: Zamazenta|Protect\n|move|p2a: Calyrex|Protect|p2a: Calyrex\n|-singleturn|p2a: Calyrex|Protect\n|move|p1b: Grimmsnarl|Reflect|p1b: Grimmsnarl\n|-sidestart|p1: Schmixed_007|Reflect\n|move|p2b: Annihilape|Coaching|p2a: Calyrex\n|-boost|p2a: Calyrex|atk|1\n|-boost|p2a: Calyrex|def|1\n|\n|upkeep\n|turn|3\n|\n|t:|1746158548\n|move|p1a: Zamazenta|Wide Guard|p1a: Zamazenta\n|-singleturn|p1a: Zamazenta|Wide Guard\n|move|p1b: Grimmsnarl|Thunder Wave|p2a: Calyrex|[miss]\n|-miss|p1b: Grimmsnarl|p2a: Calyrex\n|cant|p2b: Annihilape|par\n|move|p2a: Calyrex|Glacial Lance|p1b: Grimmsnarl|[spread] \n|-activate|p1a: Zamazenta|move: Wide Guard\n|-activate|p1b: Grimmsnarl|move: Wide Guard\n|\n|upkeep\n|turn|4\n|\n|t:|1746158565\n|move|p2a: Calyrex|Protect|p2a: Calyrex\n|-singleturn|p2a: Calyrex|Protect\n|move|p1b: Grimmsnarl|Thunder Wave|p2a: Calyrex\n|-activate|p2a: Calyrex|move: Protect\n|move|p1a: Zamazenta|Body Press|p2a: Calyrex\n|-activate|p2a: Calyrex|move: Protect\n|move|p2b: Annihilape|Coaching|p2a: Calyrex\n|-boost|p2a: Calyrex|atk|1\n|-boost|p2a: Calyrex|def|1\n|\n|upkeep\n|turn|5\n|\n|t:|1746158584\n|move|p1a: Zamazenta|Wide Guard|p1a: Zamazenta\n|-singleturn|p1a: Zamazenta|Wide Guard\n|move|p1b: Grimmsnarl|Thunder Wave|p2a: Calyrex\n|-status|p2a: Calyrex|par\n|cant|p2b: Annihilape|par\n|cant|p2a: Calyrex|par\n|\n|upkeep\n|turn|6\n|c|\u2606roykeenkennedy|Wow\n|c|\u2606roykeenkennedy|25% my ass\n|\n|t:|1746158610\n|move|p1a: Zamazenta|Body Press|p2a: Calyrex\n|-damage|p2a: Calyrex|79/100 par\n|cant|p2b: Annihilape|par\n|move|p1b: Grimmsnarl|Foul Play|p2a: Calyrex\n|-damage|p2a: Calyrex|39/100 par\n|cant|p2a: Calyrex|par\n|\n|upkeep\n|turn|7\n|c|\u2606Schmixed_007|lmao\n|c|\u2606roykeenkennedy|Laugh now\n|c|\u2606roykeenkennedy|Karma means it'll happen to you one day\n|\n|t:|1746158643\n|move|p2a: Calyrex|Protect|p2a: Calyrex\n|-singleturn|p2a: Calyrex|Protect\n|move|p1a: Zamazenta|Body Press|p2a: Calyrex\n|-activate|p2a: Calyrex|move: Protect\n|cant|p2b: Annihilape|par\n|move|p1b: Grimmsnarl|Foul Play|p2a: Calyrex\n|-activate|p2a: Calyrex|move: Protect\n|\n|upkeep\n|turn|8\n|-message|roykeenkennedy forfeited.\n|\n|win|Schmixed_007\n|raw|Schmixed_007's rating: 1153 &rarr; <strong>1193</strong><br />(+40 for winning)\n|raw|roykeenkennedy's rating: 1390 &rarr; <strong>1358</strong><br />(-32 for losing)\n|l|\u2606roykeenkennedy\n|player|p2|\n|c|\u2606Schmixed_007|im sorry\n|l|\u2606Schmixed_007\n|player|p1|\n", "uploadtime": 1746159002, "views": 1, "formatid": "gen9vgc2025regibo3", "rating": 1193, "private": 0, "password": null}