{"id": "gen9vgc2025regibo3-2355143238", "format": "[Gen 9] VGC 2025 Reg I (Bo3)", "players": ["ThisIsntFortnite", "slimeythings"], "log": "|j|\u2606ThisIsntFortnite\n|j|\u2606slimeythings\n|html|<table width=\"100%\"><tr><td align=\"left\">ThisIsntFortnite</td><td align=\"right\">slimeythings</tr><tr><td align=\"left\"><i class=\"fa fa-circle\"></i> <i class=\"fa fa-circle-o\"></i> </td><td align=\"right\"><i class=\"fa fa-circle-o\"></i> <i class=\"fa fa-circle-o\"></i> </tr></table>\n|uhtml|bestof|<h2><strong>Game 2</strong> of <a href=\"/game-bestof3-gen9vgc2025regibo3-2355141573\">a best-of-3</a></h2>\n|t:|1746158104\n|gametype|doubles\n|player|p1|ThisIsntFortnite|dawn|1000\n|player|p2|slimeythings|benga|1000\n|teamsize|p1|6\n|teamsize|p2|6\n|gen|9\n|tier|[Gen 9] VGC 2025 Reg I (Bo3)\n|rated|\n|rule|Species Clause: Limit one of each Pok\u00e9mon\n|rule|Item Clause: Limit 1 of each item\n|clearpoke\n|poke|p1|Calyrex-Shadow, L50|\n|poke|p1|Koraidon, L50|\n|poke|p1|Whimsicott, L50, F|\n|poke|p1|Brute Bonnet, L50|\n|poke|p1|Walking Wake, L50|\n|poke|p1|Flutter Mane, L50|\n|poke|p2|Kyogre, L50|\n|poke|p2|Whimsicott, L50, M|\n|poke|p2|Ogerpon-Wellspring, L50, F|\n|poke|p2|Rayquaza, L50|\n|poke|p2|Maushold-Four, L50|\n|poke|p2|Annihilape, L50, F|\n|teampreview|4\n|showteam|p1|Calyrex-Shadow||ChoiceSpecs|AsOneSpectrier|AstralBarrage,ShadowBall,Psychic,LeafStorm||||||50|,,,,,Ghost]Koraidon||LifeOrb|OrichalcumPulse|CloseCombat,FlareBlitz,CollisionCourse,Protect||||||50|,,,,,Fire]Whimsicott||FocusSash|Prankster|Tailwind,Protect,Encore,LightScreen|||F|||50|,,,,,Dark]Brute Bonnet||CovertCloak|Protosynthesis|Spore,SuckerPunch,PollenPuff,Protect||||||50|,,,,,Water]Walking Wake||AssaultVest|Protosynthesis|DracoMeteor,HydroSteam,WeatherBall,Flamethrower||||||50|,,,,,Steel]Flutter Mane||ChoiceScarf|Protosynthesis|ShadowBall,DazzlingGleam,Moonblast,Thunderbolt||||||50|,,,,,Water\n|showteam|p2|Kyogre||ChoiceSpecs|Drizzle|WaterSpout,Thunder,IceBeam,AncientPower||||||50|,,,,,Grass]Whimsicott||FocusSash|Prankster|HelpingHand,CottonSpore,Moonblast,Tailwind|||M|||50|,,,,,Steel]Ogerpon-Wellspring||WellspringMask|WaterAbsorb|IvyCudgel,HornLeech,SwordsDance,SpikyShield|||F|||50|,,,,,Water]Rayquaza||LifeOrb|AirLock|ExtremeSpeed,DragonAscent,Avalanche,Earthquake||||||50|,,,,,Electric]Maushold-Four||LoadedDice|Technician|BeatUp,PopulationBomb,FollowMe,ThunderWave||||||50|,,,,,Ghost]Annihilape||PunchingGlove|Defiant|RageFist,IcePunch,Coaching,DrainPunch|||F|||50|,,,,,Normal\n|inactive|Battle timer is ON: inactive players will automatically lose when time's up. (requested by ThisIsntFortnite)\n|\n|t:|1746158133\n|start\n|switch|p1a: Koraidon|Koraidon, L50|100/100\n|switch|p1b: Flutter Mane|Flutter Mane, L50|100/100\n|switch|p2a: Kyogre|Kyogre, L50|100/100\n|switch|p2b: Whimsicott|Whimsicott, L50, M, shiny|100/100\n|-weather|SunnyDay|[from] ability: Orichalcum Pulse|[of] p1a: Koraidon\n|-activate|p1b: Flutter Mane|ability: Protosynthesis\n|-start|p1b: Flutter Mane|protosynthesisspa\n|-activate|p1a: Koraidon|Orichalcum Pulse|[source]\n|-weather|RainDance|[from] ability: Drizzle|[of] p2a: Kyogre\n|-end|p1b: Flutter Mane|Protosynthesis\n|turn|1\n|inactive|ThisIsntFortnite has 30 seconds left.\n|inactive|slimeythings has 30 seconds left.\n|\n|t:|1746158173\n|switch|p1a: Whimsicott|Whimsicott, L50, F|100/100\n|-terastallize|p1b: Flutter Mane|Water\n|move|p2b: Whimsicott|Tailwind|p2b: Whimsicott\n|-sidestart|p2: slimeythings|move: Tailwind\n|move|p2a: Kyogre|Thunder|p1b: Flutter Mane\n|-supereffective|p1b: Flutter Mane\n|-damage|p1b: Flutter Mane|0 fnt\n|faint|p1b: Flutter Mane\n|-end|p1b: Flutter Mane|Protosynthesis|[silent]\n|\n|-weather|RainDance|[upkeep]\n|upkeep\n|\n|t:|1746158183\n|switch|p1b: Koraidon|Koraidon, L50|100/100\n|-weather|SunnyDay|[from] ability: Orichalcum Pulse|[of] p1b: Koraidon\n|-activate|p1b: Koraidon|Orichalcum Pulse|[source]\n|turn|2\n|inactive|slimeythings has 30 seconds left.\n|\n|t:|1746158214\n|switch|p2a: Annihilape|Annihilape, L50, F, shiny|100/100\n|move|p1a: Whimsicott|Light Screen|p1a: Whimsicott\n|-sidestart|p1: ThisIsntFortnite|move: Light Screen\n|move|p2b: Whimsicott|Moonblast|p1b: Koraidon\n|-supereffective|p1b: Koraidon\n|-damage|p1b: Koraidon|3/100\n|move|p1b: Koraidon|Flare Blitz|p2a: Annihilape\n|-damage|p2a: Annihilape|0 fnt\n|faint|p2a: Annihilape\n|-damage|p1b: Koraidon|0 fnt|[from] Recoil\n|faint|p1b: Koraidon\n|\n|-weather|SunnyDay|[upkeep]\n|upkeep\n|\n|t:|1746158234\n|switch|p1b: Calyrex|Calyrex-Shadow, L50|100/100\n|switch|p2a: Kyogre|Kyogre, L50|100/100\n|-ability|p1b: Calyrex|As One\n|-ability|p1b: Calyrex|Unnerve\n|-weather|RainDance|[from] ability: Drizzle|[of] p2a: Kyogre\n|turn|3\n|\n|t:|1746158254\n|move|p2b: Whimsicott|Cotton Spore|p1b: Calyrex|[spread] p1b\n|-immune|p1a: Whimsicott\n|-unboost|p1b: Calyrex|spe|2\n|move|p1a: Whimsicott|Tailwind|p1a: Whimsicott\n|-sidestart|p1: ThisIsntFortnite|move: Tailwind\n|move|p2a: Kyogre|Water Spout|p1b: Calyrex|[spread] p1a,p1b\n|-resisted|p1a: Whimsicott\n|-damage|p1a: Whimsicott|36/100\n|-damage|p1b: Calyrex|0 fnt\n|faint|p1b: Calyrex\n|\n|-weather|RainDance|[upkeep]\n|upkeep\n|turn|4\n|\n|t:|1746158277\n|move|p2b: Whimsicott|Helping Hand|p2a: Kyogre\n|-singleturn|p2a: Kyogre|Helping Hand|[of] p2b: Whimsicott\n|move|p1a: Whimsicott|Encore|p2b: Whimsicott\n|-start|p2b: Whimsicott|Encore\n|move|p2a: Kyogre|Water Spout|p1a: Whimsicott\n|-resisted|p1a: Whimsicott\n|-damage|p1a: Whimsicott|0 fnt\n|faint|p1a: Whimsicott\n|\n|win|slimeythings\n||ThisIsntFortnite is ready for game 3.\n|inactive|slimeythings has 30 seconds to confirm battle start!\n|inactive|slimeythings has 20 seconds to confirm battle start!\n||slimeythings is ready for game 3.\n|uhtml|next|Next: <a href=\"/battle-gen9vgc2025regibo3-2355144623\"><strong>Game 3 of 3</strong></a>\n|l|\u2606slimeythings\n|player|p2|\n", "uploadtime": 1746158430, "views": 1, "formatid": "gen9vgc2025regibo3", "rating": null, "private": 0, "password": null}