{"id": "gen9vgc2025regibo3-2353895937", "format": "[Gen 9] VGC 2025 Reg I (Bo3)", "players": ["Alexx_vr", "monouber shit"], "log": "|j|\u2606Alexx_vr\n|j|\u2606monouber shit\n|html|<table width=\"100%\"><tr><td align=\"left\">Alexx_vr</td><td align=\"right\">monouber shit</tr><tr><td align=\"left\"><i class=\"fa fa-circle-o\"></i> <i class=\"fa fa-circle-o\"></i> </td><td align=\"right\"><i class=\"fa fa-circle-o\"></i> <i class=\"fa fa-circle-o\"></i> </tr></table>\n|uhtml|bestof|<h2><strong>Game 1</strong> of <a href=\"/game-bestof3-gen9vgc2025regibo3-2353895936\">a best-of-3</a></h2>\n|t:|1746016197\n|gametype|doubles\n|player|p1|Alexx_vr|morty|1274\n|player|p2|monouber shit|blue|1298\n|teamsize|p1|6\n|teamsize|p2|6\n|gen|9\n|tier|[Gen 9] VGC 2025 Reg I (Bo3)\n|rated|\n|rule|Species Clause: Limit one of each Pok\u00e9mon\n|rule|Item Clause: Limit 1 of each item\n|clearpoke\n|poke|p1|Zacian-*, L50|\n|poke|p1|Kyogre, L50|\n|poke|p1|Tornadus, L50, M|\n|poke|p1|Amoonguss, L50, F|\n|poke|p1|Incineroar, L50, F|\n|poke|p1|Urshifu-*, L50, M|\n|poke|p2|Kyogre, L50|\n|poke|p2|Miraidon, L50|\n|poke|p2|Tornadus, L50, M|\n|poke|p2|Urshifu-*, L50, M|\n|poke|p2|Tsareena, L50, F|\n|poke|p2|Incineroar, L50, M|\n|teampreview|4\n|showteam|p1|Zacian-Crowned||RustedSword|IntrepidSword|behemothblade,PlayRough,Substitute,Protect||||||50|,,,,,Fairy]Kyogre||MysticWater|Drizzle|WaterSpout,OriginPulse,IceBeam,Protect||||||50|,,,,,Grass]Tornadus||CovertCloak|Prankster|BleakwindStorm,Tailwind,RainDance,Taunt|||M|||50|,,,,,Dark]Amoonguss||RockyHelmet|Regenerator|PollenPuff,Spore,RagePowder,Protect|||F|||50|,,,,,Steel]Incineroar||SafetyGoggles|Intimidate|KnockOff,FakeOut,WillOWisp,PartingShot|||F|||50|,,,,,Water]Urshifu-Rapid-Strike||ChoiceScarf|UnseenFist|SurgingStrikes,CloseCombat,Uturn,Coaching|||M|||50|,,,,,Ghost\n|showteam|p2|Kyogre||MysticWater|Drizzle|WaterSpout,OriginPulse,IceBeam,Protect||||||50|,,,,,Grass]Miraidon||ChoiceSpecs|HadronEngine|ElectroDrift,VoltSwitch,DracoMeteor,DazzlingGleam||||||50|,,,,,Fairy]Tornadus||CovertCloak|Prankster|BleakwindStorm,Tailwind,RainDance,Taunt|||M|||50|,,,,,Dark]Urshifu-Rapid-Strike||FocusSash|UnseenFist|SurgingStrikes,CloseCombat,AquaJet,Protect|||M|||50|,,,,,Ghost]Tsareena||AssaultVest|QueenlyMajesty|PowerWhip,KnockOff,TripleAxel,Uturn|||F|||50|,,,,,Flying]Incineroar||SitrusBerry|Intimidate|KnockOff,FakeOut,PartingShot,Taunt|||M|||50|,,,,,Ghost\n|inactive|Battle timer is ON: inactive players will automatically lose when time's up. (requested by Alexx_vr)\n|inactive|Alexx_vr has 60 seconds left.\n|inactive|Alexx_vr has 30 seconds left.\n|inactive|Alexx_vr has 20 seconds left.\n|inactive|Alexx_vr has 15 seconds left.\n|inactive|Alexx_vr has 10 seconds left.\n|inactive|Alexx_vr has 5 seconds left.\n|\n|t:|1746016290\n|start\n|switch|p1a: Tornadus|Tornadus, L50, M|100/100\n|switch|p1b: Zacian|Zacian-Crowned, L50|100/100\n|switch|p2a: Miraidon|Miraidon, L50|100/100\n|switch|p2b: Incineroar|Incineroar, L50, M|100/100\n|-fieldstart|move: Electric Terrain|[from] ability: Hadron Engine|[of] p2a: Miraidon\n|-ability|p1b: Zacian|Intrepid Sword|boost\n|-boost|p1b: Zacian|atk|1\n|-ability|p2b: Incineroar|Intimidate|boost\n|-unboost|p1a: Tornadus|atk|1\n|-unboost|p1b: Zacian|atk|1\n|turn|1\n|inactive|monouber shit has 30 seconds left.\n|\n|t:|1746016320\n|move|p2b: Incineroar|Fake Out|p1b: Zacian\n|-resisted|p1b: Zacian\n|-damage|p1b: Zacian|96/100\n|move|p1a: Tornadus|Tailwind|p1a: Tornadus\n|-sidestart|p1: Alexx_vr|move: Tailwind\n|cant|p1b: Zacian|flinch\n|move|p2a: Miraidon|Volt Switch|p1a: Tornadus\n|-supereffective|p1a: Tornadus\n|-damage|p1a: Tornadus|0 fnt\n|faint|p1a: Tornadus\n|\n|t:|1746016344\n|switch|p2a: Tornadus|Tornadus, L50, M|100/100|[from] Volt Switch\n|\n|upkeep\n|\n|t:|1746016350\n|switch|p1a: Kyogre|Kyogre, L50|100/100\n|-weather|RainDance|[from] ability: Drizzle|[of] p1a: Kyogre\n|turn|2\n|inactive|monouber shit has 30 seconds left.\n|inactive|monouber shit has 20 seconds left.\n|\n|t:|1746016386\n|switch|p2b: Kyogre|Kyogre, L50|100/100\n|move|p2a: Tornadus|Tailwind|p2a: Tornadus\n|-sidestart|p2: monouber shit|move: Tailwind\n|move|p1b: Zacian|Behemoth Blade|p2b: Kyogre\n|-resisted|p2b: Kyogre\n|-damage|p2b: Kyogre|73/100\n|move|p1a: Kyogre|Water Spout|p2a: Tornadus|[spread] p2a,p2b\n|-resisted|p2b: Kyogre\n|-damage|p2a: Tornadus|0 fnt\n|-damage|p2b: Kyogre|31/100\n|faint|p2a: Tornadus\n|\n|-weather|RainDance|[upkeep]\n|upkeep\n|inactive|monouber shit has 30 seconds left.\n|\n|t:|1746016420\n|switch|p2a: Incineroar|Incineroar, L50, M|100/100\n|-ability|p2a: Incineroar|Intimidate|boost\n|-unboost|p1a: Kyogre|atk|1\n|-unboost|p1b: Zacian|atk|1\n|turn|3\n|\n|t:|1746016433\n|move|p2a: Incineroar|Fake Out|p1a: Kyogre\n|-damage|p1a: Kyogre|91/100\n|move|p1b: Zacian|Play Rough|p2b: Kyogre\n|-damage|p2b: Kyogre|0 fnt\n|faint|p2b: Kyogre\n|cant|p1a: Kyogre|flinch\n|\n|-weather|RainDance|[upkeep]\n|upkeep\n|\n|t:|1746016438\n|switch|p2b: Miraidon|Miraidon, L50|100/100\n|-activate|p2b: Miraidon|ability: Hadron Engine\n|turn|4\n|\n|t:|1746016455\n|-terastallize|p1a: Kyogre|Grass\n|move|p2b: Miraidon|Electro Drift|p1b: Zacian\n|-damage|p1b: Zacian|0 fnt\n|faint|p1b: Zacian\n|move|p1a: Kyogre|Ice Beam|p2b: Miraidon\n|-supereffective|p2b: Miraidon\n|-damage|p2b: Miraidon|39/100\n|move|p2a: Incineroar|Knock Off|p1a: Kyogre\n|-damage|p1a: Kyogre|54/100\n|-enditem|p1a: Kyogre|Mystic Water|[from] move: Knock Off|[of] p2a: Incineroar\n|\n|-weather|RainDance|[upkeep]\n|-sideend|p1: Alexx_vr|move: Tailwind\n|upkeep\n|\n|t:|1746016465\n|switch|p1b: Urshifu|Urshifu-Rapid-Strike, L50, M|100/100\n|turn|5\n|inactive|monouber shit has 30 seconds left.\n|\n|t:|1746016494\n|move|p2b: Miraidon|Electro Drift|p1b: Urshifu\n|-supereffective|p1b: Urshifu\n|-damage|p1b: Urshifu|0 fnt\n|faint|p1b: Urshifu\n|move|p2a: Incineroar|Knock Off|p1a: Kyogre\n|-damage|p1a: Kyogre|29/100\n|move|p1a: Kyogre|Origin Pulse|p2a: Incineroar|[spread] p2a,p2b\n|-supereffective|p2a: Incineroar\n|-resisted|p2b: Miraidon\n|-damage|p2a: Incineroar|0 fnt\n|-damage|p2b: Miraidon|6/100\n|faint|p2a: Incineroar\n|\n|-weather|RainDance|[upkeep]\n|-sideend|p2: monouber shit|move: Tailwind\n|-fieldend|move: Electric Terrain\n|upkeep\n|turn|6\n|\n|t:|1746016507\n|move|p2b: Miraidon|Electro Drift|p1a: Kyogre\n|-resisted|p1a: Kyogre\n|-damage|p1a: Kyogre|1/100\n|move|p1a: Kyogre|Ice Beam|p2b: Miraidon\n|-supereffective|p2b: Miraidon\n|-damage|p2b: Miraidon|0 fnt\n|faint|p2b: Miraidon\n|\n|win|Alexx_vr\n||monouber shit is ready for game 2.\n|inactive|Alexx_vr has 30 seconds to confirm battle start!\n||Alexx_vr is ready for game 2.\n|uhtml|next|Next: <a href=\"/battle-gen9vgc2025regibo3-2353898644\"><strong>Game 2 of 3</strong></a>\n|l|\u2606Alexx_vr\n|player|p1|\n", "uploadtime": 1746016878, "views": 6, "formatid": "gen9vgc2025regibo3", "rating": null, "private": 0, "password": null}