{"id": "gen9vgc2025regibo3-2354924942", "format": "[Gen 9] VGC 2025 Reg I (Bo3)", "players": ["MelaninSkin", "lutyalphayomega"], "log": "|j|\u2606MelaninSkin\n|j|\u2606lutyalphayomega\n|html|<table width=\"100%\"><tr><td align=\"left\">MelaninSkin</td><td align=\"right\">lutyalphayomega</tr><tr><td align=\"left\"><i class=\"fa fa-circle-o\"></i> <i class=\"fa fa-circle-o\"></i> </td><td align=\"right\"><i class=\"fa fa-circle-o\"></i> <i class=\"fa fa-circle-o\"></i> </tr></table>\n|uhtml|bestof|<h2><strong>Game 1</strong> of <a href=\"/game-bestof3-gen9vgc2025regibo3-2354924941\">a best-of-3</a></h2>\n|t:|1746132306\n|gametype|doubles\n|player|p1|MelaninSkin|102|1142\n|player|p2|lutyalphayomega|101|1115\n|teamsize|p1|6\n|teamsize|p2|6\n|gen|9\n|tier|[Gen 9] VGC 2025 Reg I (Bo3)\n|rated|\n|rule|Species Clause: Limit one of each Pok\u00e9mon\n|rule|Item Clause: Limit 1 of each item\n|clearpoke\n|poke|p1|Calyrex-Ice, L50|\n|poke|p1|Miraidon, L50|\n|poke|p1|Iron Hands, L50|\n|poke|p1|Farigiraf, L50, F|\n|poke|p1|Ogerpon-Hearthflame, L50, F|\n|poke|p1|Zoroark-Hisui, L50, M|\n|poke|p2|Ursaluna, L50, M|\n|poke|p2|Lunala, L50|\n|poke|p2|Zamazenta-*, L50|\n|poke|p2|Indeedee-F, L50, F|\n|poke|p2|Ditto, L50|\n|poke|p2|Incineroar, L50, F|\n|teampreview|4\n|showteam|p1|Calyrex-Ice||ClearAmulet|AsOneGlastrier|GlacialLance,HighHorsepower,TrickRoom,Protect||||||50|,,,,,Dark]Miraidon||ChoiceSpecs|HadronEngine|ElectroDrift,VoltSwitch,DracoMeteor,DazzlingGleam||||||50|,,,,,Fairy]Iron Hands||AssaultVest|QuarkDrive|FakeOut,WildCharge,DrainPunch,HeavySlam||||||50|,,,,,Bug]Farigiraf||ElectricSeed|ArmorTail|FoulPlay,HelpingHand,TrickRoom,Imprison|||F|||50|,,,,,Fairy]Ogerpon-Hearthflame||HearthflameMask|MoldBreaker|IvyCudgel,WoodHammer,FollowMe,SpikyShield|||F|||50|,,,,,Fire]Zoroark-Hisui||ChoiceScarf|Illusion|HyperVoice,BitterMalice,IcyWind,HyperBeam|||M|||50|,,,,,Normal\n|showteam|p2|Ursaluna||FlameOrb|Guts|HeadlongRush,Facade,Earthquake,Protect|||M|||50|,,,,,Ghost]Lunala||PowerHerb|ShadowShield|ExpandingForce,MoongeistBeam,MeteorBeam,TrickRoom||||||50|,,,,,Normal]Zamazenta-Crowned||RustedShield|DauntlessShield|BodyPress,behemothbash,Coaching,WideGuard||||||50|,,,,,Dragon]Indeedee-F||PsychicSeed|PsychicSurge|DazzlingGleam,FollowMe,HealPulse,TrickRoom|||F|||50|,,,,,Ghost]Ditto||IronBall|Imposter|Transform||||||50|,,,,,Normal]Incineroar||SitrusBerry|Intimidate|FakeOut,KnockOff,WillOWisp,PartingShot|||F|||50|,,,,,Dragon\n|inactive|Battle timer is ON: inactive players will automatically lose when time's up. (requested by MelaninSkin)\n|inactive|lutyalphayomega has 60 seconds left.\n|\n|t:|1746132358\n|start\n|switch|p1a: Miraidon|Miraidon, L50|100/100\n|switch|p1b: Calyrex|Calyrex-Ice, L50|100/100\n|switch|p2a: Lunala|Lunala, L50|100/100\n|switch|p2b: Indeedee|Indeedee-F, L50, F|100/100\n|-fieldstart|move: Electric Terrain|[from] ability: Hadron Engine|[of] p1a: Miraidon\n|-fieldstart|move: Psychic Terrain|[from] ability: Psychic Surge|[of] p2b: Indeedee\n|-enditem|p2b: Indeedee|Psychic Seed\n|-boost|p2b: Indeedee|spd|1|[from] item: Psychic Seed\n|turn|1\n|inactive|MelaninSkin has 30 seconds left.\n|inactive|lutyalphayomega has 30 seconds left.\n|\n|t:|1746132392\n|move|p2b: Indeedee|Follow Me|p2b: Indeedee\n|-singleturn|p2b: Indeedee|move: Follow Me\n|move|p1b: Calyrex|Bitter Malice|p2b: Indeedee\n|-immune|p2b: Indeedee\n|move|p1a: Miraidon|Volt Switch|p2b: Indeedee\n|-damage|p2b: Indeedee|65/100\n|\n|t:|1746132398\n|switch|p1a: Calyrex|Calyrex-Ice, L50|100/100|[from] Volt Switch\n|-ability|p1a: Calyrex|As One\n|-ability|p1a: Calyrex|Unnerve\n|move|p2a: Lunala|Trick Room|p2a: Lunala\n|-fieldstart|move: Trick Room|[of] p2a: Lunala\n|\n|upkeep\n|turn|2\n|inactive|lutyalphayomega has 30 seconds left.\n|inactive|lutyalphayomega has 20 seconds left.\n|inactive|lutyalphayomega has 15 seconds left.\n|\n|t:|1746132438\n|switch|p2b: Zamazenta|Zamazenta-Crowned, L50|100/100\n|-ability|p2b: Zamazenta|Dauntless Shield|boost\n|-boost|p2b: Zamazenta|def|1\n|switch|p1b: Farigiraf|Farigiraf, L50, F|100/100\n|-terastallize|p1a: Calyrex|Dark\n|move|p1a: Calyrex|Glacial Lance|p2a: Lunala|[spread] p2a,p2b\n|-resisted|p2b: Zamazenta\n|-damage|p2a: Lunala|77/100\n|-damage|p2b: Zamazenta|90/100\n|move|p2a: Lunala|Moongeist Beam|p1a: Calyrex\n|-resisted|p1a: Calyrex\n|-damage|p1a: Calyrex|80/100\n|\n|upkeep\n|turn|3\n|inactive|lutyalphayomega has 30 seconds left.\n|inactive|lutyalphayomega has 20 seconds left.\n|inactive|lutyalphayomega has 15 seconds left.\n|\n|t:|1746132481\n|switch|p2b: Ditto|Ditto, L50|100/100\n|-transform|p2b: Ditto|p1a: Calyrex|[from] ability: Imposter\n|-ability|p2b: Ditto|As One\n|-ability|p2b: Ditto|Unnerve\n|move|p1b: Farigiraf|Helping Hand|p1a: Calyrex\n|-singleturn|p1a: Calyrex|Helping Hand|[of] p1b: Farigiraf\n|move|p1a: Calyrex|High Horsepower|p2b: Ditto\n|-damage|p2b: Ditto|43/100\n|move|p2a: Lunala|Meteor Beam||[still]\n|-prepare|p2a: Lunala|Meteor Beam\n|-boost|p2a: Lunala|spa|1\n|-enditem|p2a: Lunala|Power Herb\n|-anim|p2a: Lunala|Meteor Beam|p1a: Calyrex\n|-damage|p1a: Calyrex|33/100\n|\n|upkeep\n|-start|p2b: Ditto|typechange|Psychic/Ice|[silent]\n|turn|4\n|inactive|MelaninSkin has 30 seconds left.\n|inactive|lutyalphayomega has 30 seconds left.\n|inactive|MelaninSkin has 20 seconds left.\n|inactive|MelaninSkin has 15 seconds left.\n|inactive|MelaninSkin has 10 seconds left.\n|inactive|MelaninSkin has 5 seconds left.\n|\n|t:|1746132537\n|move|p2b: Ditto|Glacial Lance|p1b: Farigiraf|[spread] p1a,p1b\n|-damage|p1a: Calyrex|0 fnt\n|-damage|p1b: Farigiraf|52/100\n|faint|p1a: Calyrex\n|-ability|p2b: Ditto|Chilling Neigh|boost\n|-boost|p2b: Ditto|atk|1\n|move|p1b: Farigiraf|Foul Play|p2b: Ditto\n|-supereffective|p2b: Ditto\n|-damage|p2b: Ditto|0 fnt\n|faint|p2b: Ditto\n|move|p2a: Lunala|Expanding Force|p1b: Farigiraf\n|-resisted|p1b: Farigiraf\n|-damage|p1b: Farigiraf|0 fnt\n|faint|p1b: Farigiraf\n|\n|upkeep\n|inactive|lutyalphayomega has 30 seconds left.\n|\n|t:|1746132563\n|switch|p2b: Indeedee|Indeedee-F, L50, F|65/100\n|switch|p1a: Miraidon|Miraidon, L50|100/100\n|switch|p1b: Miraidon|Miraidon, L50|100/100\n|-fieldstart|move: Electric Terrain|[from] ability: Hadron Engine|[of] p1b: Miraidon\n|turn|5\n|inactive|lutyalphayomega has 30 seconds left.\n|\n|t:|1746132597\n|move|p2a: Lunala|Expanding Force|p1b: Miraidon\n|-damage|p1b: Miraidon|44/100\n|move|p2b: Indeedee|Heal Pulse|p2a: Lunala\n|-heal|p2a: Lunala|100/100\n|move|p1b: Miraidon|Electro Drift|p2b: Indeedee\n|-damage|p2b: Indeedee|0 fnt\n|faint|p2b: Indeedee\n|move|p1a: Miraidon|Bitter Malice|p2a: Lunala\n|-supereffective|p2a: Lunala\n|-damage|p2a: Lunala|51/100\n|-unboost|p2a: Lunala|atk|1\n|\n|-fieldend|move: Trick Room\n|upkeep\n|\n|t:|1746132614\n|switch|p2b: Zamazenta|Zamazenta-Crowned, L50|90/100\n|turn|6\n|c|\u2606MelaninSkin|gg\n|\n|t:|1746132629\n|-terastallize|p2a: Lunala|Normal\n|move|p1a: Miraidon|Bitter Malice|p2a: Lunala\n|-immune|p2a: Lunala\n|move|p1b: Miraidon|Electro Drift|p2b: Zamazenta\n|-damage|p2b: Zamazenta|3/100\n|move|p2b: Zamazenta|Body Press|p1b: Miraidon\n|-damage|p1b: Miraidon|0 fnt\n|faint|p1b: Miraidon\n|move|p2a: Lunala|Trick Room|p2a: Lunala\n|-fieldstart|move: Trick Room|[of] p2a: Lunala\n|\n|upkeep\n|turn|7\n|c|\u2606MelaninSkin|gg\n|inactive|MelaninSkin has 30 seconds left.\n|-message|MelaninSkin forfeited.\n|raw|MelaninSkin's rating: 1142 &rarr; <strong>1115</strong><br />(-27 for losing)\n|raw|lutyalphayomega's rating: 1115 &rarr; <strong>1142</strong><br />(+27 for winning)\n|\n|win|lutyalphayomega\n|l|\u2606MelaninSkin\n|player|p1|\n|l|\u2606lutyalphayomega\n|player|p2|\n", "uploadtime": 1746133033, "views": 6, "formatid": "gen9vgc2025regibo3", "rating": 1115, "private": 0, "password": null}