{"id": "gen9vgc2025regibo3-2354288356", "format": "[Gen 9] VGC 2025 Reg I (Bo3)", "players": ["Gworf", "PaniniWeenie"], "log": "|j|\u2606Gworf\n|j|\u2606PaniniWeenie\n|html|<table width=\"100%\"><tr><td align=\"left\">Gworf</td><td align=\"right\">PaniniWeenie</tr><tr><td align=\"left\"><i class=\"fa fa-circle-o\"></i> <i class=\"fa fa-circle-o\"></i> </td><td align=\"right\"><i class=\"fa fa-circle-o\"></i> <i class=\"fa fa-circle\"></i> </tr></table>\n|uhtml|bestof|<h2><strong>Game 2</strong> of <a href=\"/game-bestof3-gen9vgc2025regibo3-2354285801\">a best-of-3</a></h2>\n|t:|1746053261\n|gametype|doubles\n|player|p1|Gworf|acetrainer-gen4dp|1140\n|player|p2|PaniniWeenie|pokemaniac|1201\n|teamsize|p1|6\n|teamsize|p2|6\n|gen|9\n|tier|[Gen 9] VGC 2025 Reg I (Bo3)\n|rated|\n|rule|Species Clause: Limit one of each Pok\u00e9mon\n|rule|Item Clause: Limit 1 of each item\n|clearpoke\n|poke|p1|Zamazenta-*, L50|\n|poke|p1|Calyrex-Shadow, L50|\n|poke|p1|Ogerpon-Cornerstone, L50, F|\n|poke|p1|Flutter Mane, L50|\n|poke|p1|Tornadus, L50, M|\n|poke|p1|Ninetales, L50, F|\n|poke|p2|Ditto, L50|\n|poke|p2|Grimmsnarl, L50, M|\n|poke|p2|Zamazenta-*, L50|\n|poke|p2|Miraidon, L50|\n|poke|p2|Entei, L50|\n|poke|p2|Iron Leaves, L50|\n|teampreview|4\n|showteam|p1|Zamazenta-Crowned||RustedShield|DauntlessShield|behemothbash,BodyPress,WideGuard,Protect||||||50|,,,,,Water]Calyrex-Shadow||FocusSash|AsOneSpectrier|AstralBarrage,Disable,Encore,Protect||||||50|,,,,,Ghost]Ogerpon-Cornerstone||CornerstoneMask|Sturdy|IvyCudgel,PowerWhip,FollowMe,SpikyShield|||F|||50|,,,,,Rock]Flutter Mane||ChoiceSpecs|Protosynthesis|Moonblast,DazzlingGleam,ShadowBall,DrainingKiss||||||50|,,,,,Fairy]Tornadus||MentalHerb|Prankster|Tailwind,BleakwindStorm,Taunt,Substitute|||M|||50|,,,,,Ghost]Ninetales||LifeOrb|Drought|HeatWave,FireBlast,HelpingHand,Protect|||F|||50|,,,,,Fire\n|showteam|p2|Ditto||FocusSash|Imposter|Transform||||||50|,,,,,Normal]Grimmsnarl||LightClay|Prankster|Reflect,LightScreen,ThunderWave,SpiritBreak|||M|||50|,,,,,Ghost]Zamazenta-Crowned||RustedShield|DauntlessShield|BodyPress,HeavySlam,WideGuard,Protect||||||50|,,,,,Dragon]Miraidon||ChoiceSpecs|HadronEngine|ElectroDrift,DracoMeteor,VoltSwitch,DazzlingGleam||||||50|,,,,,Fairy]Entei||AssaultVest|InnerFocus|SacredFire,ExtremeSpeed,StoneEdge,Crunch||||||50|,,,,,Fairy]Iron Leaves||LifeOrb|QuarkDrive|Psyblade,LeafBlade,QuickGuard,Protect||||||50|,,,,,Stellar\n|inactive|Battle timer is ON: inactive players will automatically lose when time's up. (requested by Gworf)\n|inactive|Gworf has 60 seconds left.\n|\n|t:|1746053312\n|start\n|switch|p1a: Ninetales|Ninetales, L50, F|100/100\n|switch|p1b: Flutter Mane|Flutter Mane, L50, shiny|100/100\n|switch|p2a: Grimmsnarl|Grimmsnarl, L50, M, shiny|100/100\n|switch|p2b: Zamazenta|Zamazenta-Crowned, L50|100/100\n|-ability|p2b: Zamazenta|Dauntless Shield|boost\n|-boost|p2b: Zamazenta|def|1\n|-weather|SunnyDay|[from] ability: Drought|[of] p1a: Ninetales\n|-activate|p1b: Flutter Mane|ability: Protosynthesis\n|-start|p1b: Flutter Mane|protosynthesisspa\n|turn|1\n|\n|t:|1746053334\n|-terastallize|p1b: Flutter Mane|Fairy\n|-terastallize|p2b: Zamazenta|Dragon\n|move|p2a: Grimmsnarl|Thunder Wave|p1b: Flutter Mane\n|-status|p1b: Flutter Mane|par\n|move|p2b: Zamazenta|Heavy Slam|p1b: Flutter Mane\n|-supereffective|p1b: Flutter Mane\n|-damage|p1b: Flutter Mane|0 fnt\n|faint|p1b: Flutter Mane\n|-end|p1b: Flutter Mane|Protosynthesis|[silent]\n|move|p1a: Ninetales|Heat Wave|p2a: Grimmsnarl|[spread] p2a,p2b\n|-resisted|p2b: Zamazenta\n|-damage|p2a: Grimmsnarl|36/100\n|-damage|p2b: Zamazenta|77/100\n|-damage|p1a: Ninetales|91/100|[from] item: Life Orb\n|\n|-weather|SunnyDay|[upkeep]\n|upkeep\n|\n|t:|1746053345\n|switch|p1b: Calyrex|Calyrex-Shadow, L50|100/100\n|-ability|p1b: Calyrex|As One\n|-ability|p1b: Calyrex|Unnerve\n|turn|2\n|\n|t:|1746053356\n|move|p1a: Ninetales|Protect|p1a: Ninetales\n|-singleturn|p1a: Ninetales|Protect\n|move|p2a: Grimmsnarl|Light Screen|p2a: Grimmsnarl\n|-sidestart|p2: PaniniWeenie|move: Light Screen\n|move|p1b: Calyrex|Astral Barrage|p2a: Grimmsnarl|[spread] p2a,p2b\n|-resisted|p2a: Grimmsnarl\n|-damage|p2a: Grimmsnarl|16/100\n|-damage|p2b: Zamazenta|45/100\n|move|p2b: Zamazenta|Body Press|p1a: Ninetales\n|-activate|p1a: Ninetales|move: Protect\n|\n|-weather|SunnyDay|[upkeep]\n|upkeep\n|turn|3\n|inactive|Gworf has 30 seconds left.\n|\n|t:|1746053388\n|move|p2a: Grimmsnarl|Thunder Wave|p1b: Calyrex\n|-status|p1b: Calyrex|par\n|move|p2b: Zamazenta|Body Press|p1a: Ninetales\n|-damage|p1a: Ninetales|0 fnt\n|faint|p1a: Ninetales\n|move|p1b: Calyrex|Astral Barrage|p2a: Grimmsnarl|[spread] p2a,p2b\n|-resisted|p2a: Grimmsnarl\n|-damage|p2a: Grimmsnarl|0 fnt\n|-damage|p2b: Zamazenta|14/100\n|faint|p2a: Grimmsnarl\n|-ability|p1b: Calyrex|Grim Neigh|boost\n|-boost|p1b: Calyrex|spa|1\n|\n|-weather|SunnyDay|[upkeep]\n|upkeep\n|\n|t:|1746053394\n|switch|p1a: Zamazenta|Zamazenta-Crowned, L50|100/100\n|switch|p2a: Ditto|Ditto, L50, shiny|100/100\n|-ability|p1a: Zamazenta|Dauntless Shield|boost\n|-boost|p1a: Zamazenta|def|1\n|-transform|p2a: Ditto|p1b: Calyrex|[from] ability: Imposter\n|-ability|p2a: Ditto|As One\n|-ability|p2a: Ditto|Unnerve\n|turn|4\n|\n|t:|1746053417\n|move|p2b: Zamazenta|Wide Guard|p2b: Zamazenta\n|-singleturn|p2b: Zamazenta|Wide Guard\n|move|p2a: Ditto|Astral Barrage|p1b: Calyrex|[spread] p1a,p1b\n|-supereffective|p1b: Calyrex\n|-damage|p1a: Zamazenta|31/100\n|-enditem|p1b: Calyrex|Focus Sash\n|-damage|p1b: Calyrex|1/100 par\n|move|p1a: Zamazenta|Body Press|p2b: Zamazenta\n|-damage|p2b: Zamazenta|0 fnt\n|faint|p2b: Zamazenta\n|move|p1b: Calyrex|Astral Barrage|p2a: Ditto\n|-activate|p2a: Ditto|move: Wide Guard\n|\n|-weather|SunnyDay|[upkeep]\n|upkeep\n|\n|t:|1746053430\n|switch|p2b: Entei|Entei, L50|100/100\n|turn|5\n|-message|Gworf forfeited.\n|\n|win|PaniniWeenie\n|raw|Gworf's rating: 1140 &rarr; <strong>1119</strong><br />(-21 for losing)\n|raw|PaniniWeenie's rating: 1201 &rarr; <strong>1222</strong><br />(+21 for winning)\n|l|\u2606Gworf\n|player|p1|\n|l|\u2606PaniniWeenie\n|player|p2|\n", "uploadtime": 1746053792, "views": 7, "formatid": "gen9vgc2025regibo3", "rating": 1119, "private": 0, "password": null}