{"id": "gen9vgc2025regibo3-2354370839", "format": "[Gen 9] VGC 2025 Reg I (Bo3)", "players": ["Test0824", "ieatsteakwelldone"], "log": "|j|\u2606Test0824\n|j|\u2606ieatsteakwelldone\n|html|<table width=\"100%\"><tr><td align=\"left\">Test0824</td><td align=\"right\">ieatsteakwelldone</tr><tr><td align=\"left\"><i class=\"fa fa-circle-o\"></i> <i class=\"fa fa-circle-o\"></i> </td><td align=\"right\"><i class=\"fa fa-circle-o\"></i> <i class=\"fa fa-circle-o\"></i> </tr></table>\n|uhtml|bestof|<h2><strong>Game 1</strong> of <a href=\"/game-bestof3-gen9vgc2025regibo3-2354370838\">a best-of-3</a></h2>\n|t:|1746063083\n|gametype|doubles\n|player|p1|Test0824|chuck|1113\n|player|p2|ieatsteakwelldone|2|1120\n|teamsize|p1|6\n|teamsize|p2|6\n|gen|9\n|tier|[Gen 9] VGC 2025 Reg I (Bo3)\n|rated|\n|rule|Species Clause: Limit one of each Pok\u00e9mon\n|rule|Item Clause: Limit 1 of each item\n|clearpoke\n|poke|p1|Solgaleo, L50|\n|poke|p1|Calyrex-Shadow, L50|\n|poke|p1|Weezing, L50, F|\n|poke|p1|Landorus, L50, M|\n|poke|p1|Whimsicott, L50, M|\n|poke|p1|Orthworm, L50, F|\n|poke|p2|Miraidon, L50|\n|poke|p2|Chien-Pao, L50|\n|poke|p2|Farigiraf, L50, M|\n|poke|p2|Zamazenta-*, L50|\n|poke|p2|Iron Hands, L50|\n|poke|p2|Entei, L50|\n|teampreview|4\n|showteam|p1|Solgaleo||WeaknessPolicy|FullMetalBody|SunsteelStrike,PsychicFangs,FlameCharge,Protect||||||50|,,,,,Fire]Calyrex-Shadow||FocusSash|AsOneSpectrier|AstralBarrage,Bulldoze,Encore,Protect||||||50|,,,,,Normal]Weezing||RockyHelmet|NeutralizingGas|Protect,Taunt,WillOWisp,SludgeBomb|||F|||50|,,,,,Grass]Landorus||ChoiceScarf|SheerForce|EarthPower,SludgeBomb,Uturn,SandsearStorm|||M|||50|,,,,,Water]Whimsicott||CovertCloak|Prankster|Tailwind,LightScreen,Moonblast,Encore|||M|||50|,,,,,Dark]Orthworm||SitrusBerry|EarthEater|BodyPress,IronDefense,ShedTail,Protect|||F|||50|,,,,,Dragon\n|showteam|p2|Miraidon||ChoiceScarf|HadronEngine|ElectroDrift,Discharge,DracoMeteor,VoltSwitch||||||50|,,,,,Electric]Chien-Pao||FocusSash|SwordofRuin|Protect,IcicleCrash,SuckerPunch,ThroatChop||||||50|,,,,,Ghost]Farigiraf||ElectricSeed|ArmorTail|Psychic,FoulPlay,TrickRoom,HelpingHand|||M|||50|,,,,,Water]Zamazenta-Crowned||RustedShield|DauntlessShield|BodyPress,behemothbash,WideGuard,Protect||||||50|,,,,,Dragon]Iron Hands||AssaultVest|QuarkDrive|FakeOut,DrainPunch,WildCharge,LowKick||||||50|,,,,,Grass]Entei||LifeOrb|InnerFocus|SacredFire,ExtremeSpeed,StoneEdge,Protect||||||50|,,,,,Normal\n|\n|t:|1746063131\n|start\n|switch|p1a: Solgaleo|Solgaleo, L50|100/100\n|switch|p1b: Calyrex|Calyrex-Shadow, L50|100/100\n|switch|p2a: Miraidon|Miraidon, L50|100/100\n|switch|p2b: Chien-Pao|Chien-Pao, L50|100/100\n|-ability|p1b: Calyrex|As One\n|-ability|p1b: Calyrex|Unnerve\n|-fieldstart|move: Electric Terrain|[from] ability: Hadron Engine|[of] p2a: Miraidon\n|-ability|p2b: Chien-Pao|Sword of Ruin\n|turn|1\n|\n|t:|1746063163\n|-terastallize|p2a: Miraidon|Electric\n|-terastallize|p1a: Solgaleo|Fire\n|move|p2a: Miraidon|Electro Drift|p1b: Calyrex\n|-enditem|p1b: Calyrex|Focus Sash\n|-damage|p1b: Calyrex|1/100\n|move|p1b: Calyrex|Bulldoze|p2b: Chien-Pao|[spread] p1a,p2a,p2b\n|-supereffective|p1a: Solgaleo\n|-crit|p1a: Solgaleo\n|-supereffective|p2a: Miraidon\n|-damage|p1a: Solgaleo|76/100\n|-damage|p2a: Miraidon|79/100\n|-damage|p2b: Chien-Pao|90/100\n|-unboost|p2a: Miraidon|spe|1\n|-unboost|p2b: Chien-Pao|spe|1\n|-enditem|p1a: Solgaleo|Weakness Policy\n|-boost|p1a: Solgaleo|atk|2|[from] item: Weakness Policy\n|-boost|p1a: Solgaleo|spa|2|[from] item: Weakness Policy\n|move|p1a: Solgaleo|Psychic Fangs|p2a: Miraidon\n|-damage|p2a: Miraidon|0 fnt\n|faint|p2a: Miraidon\n|move|p2b: Chien-Pao|Throat Chop|p1a: Solgaleo\n|-damage|p1a: Solgaleo|25/100\n|-start|p1a: Solgaleo|Throat Chop|[silent]\n|\n|upkeep\n|\n|t:|1746063184\n|switch|p2a: Entei|Entei, L50, shiny|100/100\n|turn|2\n|\n|t:|1746063206\n|move|p1a: Solgaleo|Protect|p1a: Solgaleo\n|-singleturn|p1a: Solgaleo|Protect\n|move|p2a: Entei|Extreme Speed|p1a: Solgaleo\n|-activate|p1a: Solgaleo|move: Protect\n|move|p2b: Chien-Pao|Sucker Punch||[still]\n|-fail|p2b: Chien-Pao\n|move|p1b: Calyrex|Encore|p2b: Chien-Pao\n|-start|p2b: Chien-Pao|Encore\n|\n|-end|p1a: Solgaleo|Throat Chop|[silent]\n|upkeep\n|turn|3\n|\n|t:|1746063235\n|move|p2a: Entei|Extreme Speed|p1a: Solgaleo\n|-damage|p1a: Solgaleo|0 fnt\n|faint|p1a: Solgaleo\n|-damage|p2a: Entei|90/100|[from] item: Life Orb\n|move|p2b: Chien-Pao|Sucker Punch||[still]\n|-fail|p2b: Chien-Pao\n|move|p1b: Calyrex|Encore|p2a: Entei\n|-start|p2a: Entei|Encore\n|\n|upkeep\n|\n|t:|1746063248\n|switch|p1a: Landorus|Landorus, L50, M|100/100\n|turn|4\n|\n|t:|1746063267\n|switch|p1a: Whimsicott|Whimsicott, L50, M|100/100\n|move|p2a: Entei|Extreme Speed|p1a: Whimsicott\n|-damage|p1a: Whimsicott|48/100\n|-damage|p2a: Entei|80/100|[from] item: Life Orb\n|move|p2b: Chien-Pao|Sucker Punch||[still]\n|-fail|p2b: Chien-Pao\n|move|p1b: Calyrex|Astral Barrage|p2a: Entei|[spread] p2a,p2b\n|-resisted|p2b: Chien-Pao\n|-damage|p2a: Entei|14/100\n|-damage|p2b: Chien-Pao|43/100\n|\n|upkeep\n|turn|5\n|\n|t:|1746063293\n|move|p1b: Calyrex|Protect|p1b: Calyrex\n|-singleturn|p1b: Calyrex|Protect\n|move|p2a: Entei|Extreme Speed|p1a: Whimsicott\n|-damage|p1a: Whimsicott|0 fnt\n|faint|p1a: Whimsicott\n|-damage|p2a: Entei|4/100|[from] item: Life Orb\n|move|p2b: Chien-Pao|Sucker Punch||[still]\n|-fail|p2b: Chien-Pao\n|\n|-end|p2b: Chien-Pao|Encore\n|-fieldend|move: Electric Terrain\n|upkeep\n|-message|Test0824 forfeited.\n|\n|win|ieatsteakwelldone\n|l|\u2606Test0824\n|player|p1|\n||ieatsteakwelldone is ready for game 2.\n||Test0824 is ready for game 2.\n|uhtml|next|Next: <a href=\"/battle-gen9vgc2025regibo3-2354372752\"><strong>Game 2 of 3</strong></a>\n", "uploadtime": 1746063601, "views": 7, "formatid": "gen9vgc2025regibo3", "rating": null, "private": 0, "password": null}