{"id": "gen9vgc2025regibo3-2353894215", "format": "[Gen 9] VGC 2025 Reg I (Bo3)", "players": ["LaTentacion", "FinnickO"], "log": "|j|\u2606LaTentacion\n|j|\u2606FinnickO\n|html|<table width=\"100%\"><tr><td align=\"left\">LaTentacion</td><td align=\"right\">FinnickO</tr><tr><td align=\"left\"><i class=\"fa fa-circle\"></i> <i class=\"fa fa-circle-o\"></i> </td><td align=\"right\"><i class=\"fa fa-circle-o\"></i> <i class=\"fa fa-circle-o\"></i> </tr></table>\n|uhtml|bestof|<h2><strong>Game 2</strong> of <a href=\"/game-bestof3-gen9vgc2025regibo3-2353892699\">a best-of-3</a></h2>\n|t:|1746015988\n|gametype|doubles\n|player|p1|LaTentacion|2|1334\n|player|p2|FinnickO|102|1221\n|teamsize|p1|6\n|teamsize|p2|6\n|gen|9\n|tier|[Gen 9] VGC 2025 Reg I (Bo3)\n|rated|\n|rule|Species Clause: Limit one of each Pok\u00e9mon\n|rule|Item Clause: Limit 1 of each item\n|clearpoke\n|poke|p1|Ogerpon-Cornerstone, L50, F|\n|poke|p1|Flutter Mane, L50|\n|poke|p1|Lunala, L50|\n|poke|p1|Chi-Yu, L50|\n|poke|p1|Ursaluna-Bloodmoon, L50, M|\n|poke|p1|Koraidon, L50|\n|poke|p2|Koraidon, L50|\n|poke|p2|Brute Bonnet, L50|\n|poke|p2|Lunala, L50|\n|poke|p2|Flutter Mane, L50|\n|poke|p2|Chien-Pao, L50|\n|poke|p2|Heatran, L50, F|\n|teampreview|4\n|showteam|p1|Ogerpon-Cornerstone||CornerstoneMask|Sturdy|FollowMe,SpikyShield,IvyCudgel,PowerWhip|||F|||50|,,,,,Rock]Flutter Mane||FocusSash|Protosynthesis|Protect,IcyWind,Moonblast,ShadowBall||||||50|,,,,,Ghost]Lunala||PowerHerb|ShadowShield|MoongeistBeam,MeteorBeam,TrickRoom,WideGuard||||||50|,,,,,Water]Chi-Yu||ChoiceScarf|BeadsofRuin|HeatWave,DarkPulse,Overheat,Snarl||||||50|,,,,,Ghost]Ursaluna-Bloodmoon||LifeOrb|MindsEye|BloodMoon,EarthPower,Protect,HyperVoice|||M|||50|,,,,,Normal]Koraidon||ClearAmulet|OrichalcumPulse|Protect,CollisionCourse,FlareBlitz,ScaleShot||||||50|,,,,,Fire\n|showteam|p2|Koraidon||LifeOrb|OrichalcumPulse|CloseCombat,BreakingSwipe,FlareBlitz,Protect||||||50|,,,,,Fire]Brute Bonnet||CovertCloak|Protosynthesis|SeedBomb,SuckerPunch,Spore,RagePowder||||||50|,,,,,Water]Lunala||PowerHerb|ShadowShield|MeteorBeam,TrickRoom,MoongeistBeam,WideGuard||||||50|,,,,,Water]Flutter Mane||FocusSash|Protosynthesis|IcyWind,Moonblast,ShadowBall,Protect||||||50|,,,,,Normal]Chien-Pao||AssaultVest|SwordofRuin|IceSpinner,SuckerPunch,TeraBlast,SacredSword||||||50|,,,,,Electric]Heatran||ZoomLens|FlashFire|MagmaStorm,FlashCannon,Substitute,Protect|||F|||50|,,,,,Fairy\n|\n|t:|1746016021\n|start\n|switch|p1a: Flutter Mane|Flutter Mane, L50|100/100\n|switch|p1b: Lunala|Lunala, L50|100/100\n|switch|p2a: Heatran|Heatran, L50, F|100/100\n|switch|p2b: Koraidon|Koraidon, L50|100/100\n|-weather|SunnyDay|[from] ability: Orichalcum Pulse|[of] p2b: Koraidon\n|-activate|p1a: Flutter Mane|ability: Protosynthesis\n|-start|p1a: Flutter Mane|protosynthesisspe\n|-activate|p2b: Koraidon|Orichalcum Pulse|[source]\n|turn|1\n|l|\u2606FinnickO\n|player|p2|\n|j|\u2606FinnickO\n|player|p2|FinnickO|102|\n|\n|t:|1746016062\n|move|p1a: Flutter Mane|Protect|p1a: Flutter Mane\n|-singleturn|p1a: Flutter Mane|Protect\n|move|p2b: Koraidon|Protect|p2b: Koraidon\n|-singleturn|p2b: Koraidon|Protect\n|move|p1b: Lunala|Moongeist Beam|p2a: Heatran\n|-damage|p2a: Heatran|52/100\n|move|p2a: Heatran|Magma Storm|p1a: Flutter Mane\n|-activate|p1a: Flutter Mane|move: Protect\n|\n|-weather|SunnyDay|[upkeep]\n|upkeep\n|turn|2\n|\n|t:|1746016080\n|-terastallize|p2b: Koraidon|Fire\n|move|p1a: Flutter Mane|Icy Wind|p2a: Heatran|[spread] p2a,p2b\n|-resisted|p2a: Heatran\n|-resisted|p2b: Koraidon\n|-damage|p2a: Heatran|48/100\n|-damage|p2b: Koraidon|93/100\n|-unboost|p2a: Heatran|spe|1\n|-unboost|p2b: Koraidon|spe|1\n|move|p2b: Koraidon|Flare Blitz|p1b: Lunala\n|-damage|p1b: Lunala|21/100\n|-damage|p2b: Koraidon|57/100|[from] Recoil\n|-damage|p2b: Koraidon|47/100|[from] item: Life Orb\n|move|p1b: Lunala|Meteor Beam||[still]\n|-prepare|p1b: Lunala|Meteor Beam\n|-boost|p1b: Lunala|spa|1\n|-enditem|p1b: Lunala|Power Herb\n|-anim|p1b: Lunala|Meteor Beam|p2b: Koraidon\n|-supereffective|p2b: Koraidon\n|-damage|p2b: Koraidon|0 fnt\n|faint|p2b: Koraidon\n|move|p2a: Heatran|Magma Storm|p1b: Lunala\n|-damage|p1b: Lunala|0 fnt\n|faint|p1b: Lunala\n|\n|-weather|SunnyDay|[upkeep]\n|upkeep\n|\n|t:|1746016104\n|switch|p2b: Brute Bonnet|Brute Bonnet, L50|100/100\n|switch|p1b: Ogerpon|Ogerpon-Cornerstone, L50, F|100/100\n|-activate|p2b: Brute Bonnet|ability: Protosynthesis\n|-start|p2b: Brute Bonnet|protosynthesisdef\n|turn|3\n|\n|t:|1746016113\n|move|p2a: Heatran|Protect|p2a: Heatran\n|-singleturn|p2a: Heatran|Protect\n|move|p1a: Flutter Mane|Moonblast|p2b: Brute Bonnet\n|-supereffective|p2b: Brute Bonnet\n|-crit|p2b: Brute Bonnet\n|-damage|p2b: Brute Bonnet|0 fnt\n|faint|p2b: Brute Bonnet\n|-end|p2b: Brute Bonnet|Protosynthesis|[silent]\n|move|p1b: Ogerpon|Ivy Cudgel|p2a: Heatran|[anim] Ivy Cudgel Rock\n|-activate|p2a: Heatran|move: Protect\n|\n|-weather|SunnyDay|[upkeep]\n|upkeep\n|-message|FinnickO forfeited.\n|raw|LaTentacion's rating: 1334 &rarr; <strong>1348</strong><br />(+14 for winning)\n|raw|FinnickO's rating: 1221 &rarr; <strong>1204</strong><br />(-17 for losing)\n|\n|win|LaTentacion\n|l|\u2606FinnickO\n|player|p2|\n|l|\u2606LaTentacion\n|player|p1|\n|j|\u2606LaTentacion\n|player|p1|LaTentacion|2|\n", "uploadtime": 1746016150, "views": 23, "formatid": "gen9vgc2025regibo3", "rating": 1204, "private": 0, "password": null}