{"id": "gen9vgc2025regibo3-2354490409", "format": "[Gen 9] VGC 2025 Reg I (Bo3)", "players": ["EloteYGranada", "Jsjsjsnsjsjs"], "log": "|j|\u2606EloteYGranada\n|j|\u2606Jsjsjsnsjsjs\n|html|<table width=\"100%\"><tr><td align=\"left\">EloteYGranada</td><td align=\"right\">Jsjsjsnsjsjs</tr><tr><td align=\"left\"><i class=\"fa fa-circle-o\"></i> <i class=\"fa fa-circle-o\"></i> </td><td align=\"right\"><i class=\"fa fa-circle-o\"></i> <i class=\"fa fa-circle-o\"></i> </tr></table>\n|uhtml|bestof|<h2><strong>Game 1</strong> of <a href=\"/game-bestof3-gen9vgc2025regibo3-2354490408\">a best-of-3</a></h2>\n|t:|1746080574\n|gametype|doubles\n|player|p1|EloteYGranada|2|1143\n|player|p2|Jsjsjsnsjsjs|doctor|1059\n|teamsize|p1|6\n|teamsize|p2|6\n|gen|9\n|tier|[Gen 9] VGC 2025 Reg I (Bo3)\n|rated|\n|rule|Species Clause: Limit one of each Pok\u00e9mon\n|rule|Item Clause: Limit 1 of each item\n|clearpoke\n|poke|p1|Lunala, L50|\n|poke|p1|Groudon, L50|\n|poke|p1|Raging Bolt, L50|\n|poke|p1|Lilligant-Hisui, L50, F|\n|poke|p1|Chi-Yu, L50|\n|poke|p1|Iron Crown, L50|\n|poke|p2|Eternatus, L50|\n|poke|p2|Koraidon, L50|\n|poke|p2|Brute Bonnet, L50|\n|poke|p2|Incineroar, L50, F|\n|poke|p2|Regieleki, L50|\n|poke|p2|Raging Bolt, L50|\n|teampreview|4\n|showteam|p1|Lunala||MirrorHerb|ShadowShield|Hypnosis,MoongeistBeam,WideGuard,TrickRoom||||||50|,,,,,Fairy]Groudon||ClearAmulet|Drought|PrecipiceBlades,HeatCrash,Protect,HighHorsepower||||||50|,,,,,Fire]Raging Bolt||Magnet|Protosynthesis|Thunderclap,Thunderbolt,Protect,DracoMeteor||||||50|,,,,,Electric]Lilligant-Hisui||FocusSash|Chlorophyll|Coaching,CloseCombat,AfterYou,SleepPowder|||F|||50|,,,,,Ghost]Chi-Yu||ChoiceScarf|BeadsofRuin|Snarl,Overheat,HeatWave,DarkPulse||||||50|,,,,,Fire]Iron Crown||BoosterEnergy|QuarkDrive|TachyonCutter,Gravity,Protect,Psychic||||||50|,,,,,Dark\n|showteam|p2|Eternatus||PowerHerb|Pressure|MeteorBeam,SludgeBomb,Flamethrower,Protect||||||50|,,,,,Stellar]Koraidon||ClearAmulet|OrichalcumPulse|CloseCombat,FlareBlitz,Protect,FlameCharge||||||50|,,,,,Fire]Brute Bonnet||CovertCloak|Protosynthesis|SuckerPunch,RagePowder,Spore,PollenPuff||||||50|,,,,,Water]Incineroar||Leftovers|Intimidate|FakeOut,KnockOff,HelpingHand,PartingShot|||F|||50|,,,,,Bug]Regieleki||FocusSash|Transistor|Electroweb,Protect,VoltSwitch,ThunderCage||||||50|,,,,,Ghost]Raging Bolt||LifeOrb|Protosynthesis|Thunderclap,DragonPulse,CalmMind,Protect||||||50|,,,,,Electric\n|inactive|Battle timer is ON: inactive players will automatically lose when time's up. (requested by EloteYGranada)\n|inactive|Jsjsjsnsjsjs also wants the timer to be on.\n|inactive|Jsjsjsnsjsjs has 60 seconds left.\n|\n|t:|1746080609\n|start\n|switch|p1a: Elote|Groudon, L50, shiny|100/100\n|switch|p1b: Lilligant|Lilligant-Hisui, L50, F|100/100\n|switch|p2a: Regieleki|Regieleki, L50|100/100\n|switch|p2b: Eternatus|Eternatus, L50|100/100\n|-ability|p2b: Eternatus|Pressure\n|-weather|SunnyDay|[from] ability: Drought|[of] p1a: Elote\n|turn|1\n|inactive|EloteYGranada has 30 seconds left.\n|inactive|EloteYGranada has 20 seconds left.\n|\n|t:|1746080645\n|move|p1b: Lilligant|Coaching|p1a: Elote\n|-boost|p1a: Elote|atk|1\n|-boost|p1a: Elote|def|1\n|move|p2a: Regieleki|Electroweb|p1b: Lilligant|[spread] p1b\n|-immune|p1a: Elote\n|-resisted|p1b: Lilligant\n|-damage|p1b: Lilligant|80/100\n|-unboost|p1b: Lilligant|spe|1\n|move|p2b: Eternatus|Flamethrower|p1a: Elote\n|-damage|p1a: Elote|52/100\n|move|p1a: Elote|Precipice Blades|p2b: Eternatus|[spread] p2a,p2b\n|-supereffective|p2a: Regieleki\n|-supereffective|p2b: Eternatus\n|-enditem|p2a: Regieleki|Focus Sash\n|-damage|p2a: Regieleki|1/100\n|-damage|p2b: Eternatus|0 fnt\n|faint|p2b: Eternatus\n|\n|-weather|SunnyDay|[upkeep]\n|upkeep\n|inactive|Jsjsjsnsjsjs has 30 seconds left.\n|\n|t:|1746080676\n|switch|p2b: Incineroar|Incineroar, L50, F|100/100\n|-ability|p2b: Incineroar|Intimidate|boost\n|-fail|p1a: Elote|unboost|[from] item: Clear Amulet|[of] p1a: Elote\n|-unboost|p1b: Lilligant|atk|1\n|turn|2\n|\n|t:|1746080689\n|switch|p1b: Iron Crown|Iron Crown, L50|100/100\n|-enditem|p1b: Iron Crown|Booster Energy\n|-activate|p1b: Iron Crown|ability: Quark Drive|[fromitem]\n|-start|p1b: Iron Crown|quarkdrivespe\n|move|p1a: Elote|Protect|p1a: Elote\n|-singleturn|p1a: Elote|Protect\n|move|p2b: Incineroar|Fake Out|p1a: Elote\n|-activate|p1a: Elote|move: Protect\n|move|p2a: Regieleki|Thunder Cage|p1b: Iron Crown\n|-damage|p1b: Iron Crown|58/100\n|-activate|p1b: Iron Crown|move: Thunder Cage|[of] p2a: Regieleki\n|\n|-weather|SunnyDay|[upkeep]\n|-damage|p1b: Iron Crown|45/100|[from] move: Thunder Cage|[partiallytrapped]\n|upkeep\n|turn|3\n|inactive|Jsjsjsnsjsjs has 30 seconds left.\n|inactive|Jsjsjsnsjsjs has 20 seconds left.\n|inactive|Jsjsjsnsjsjs has 15 seconds left.\n|inactive|Jsjsjsnsjsjs has 10 seconds left.\n|\n|t:|1746080735\n|-terastallize|p2b: Incineroar|Bug\n|move|p2a: Regieleki|Volt Switch|p1b: Iron Crown\n|-damage|p1b: Iron Crown|3/100\n|\n|t:|1746080740\n|switch|p2a: Koraidon|Koraidon, L50|100/100|[from] Volt Switch\n|-activate|p2a: Koraidon|ability: Orichalcum Pulse\n|move|p1b: Iron Crown|Gravity|p1b: Iron Crown\n|-fieldstart|move: Gravity\n|move|p1a: Elote|Precipice Blades|p2b: Incineroar|[spread] p2a,p2b\n|-resisted|p2b: Incineroar\n|-damage|p2a: Koraidon|29/100\n|-damage|p2b: Incineroar|64/100\n|move|p2b: Incineroar|Knock Off|p1a: Elote\n|-damage|p1a: Elote|34/100\n|-enditem|p1a: Elote|Clear Amulet|[from] move: Knock Off|[of] p2b: Incineroar\n|\n|-weather|SunnyDay|[upkeep]\n|-heal|p2b: Incineroar|70/100|[from] item: Leftovers\n|-end|p1b: Iron Crown|Thunder Cage|[partiallytrapped]|[silent]\n|upkeep\n|turn|4\n|inactive|Jsjsjsnsjsjs has 30 seconds left.\n|\n|t:|1746080768\n|-terastallize|p1a: Elote|Fire\n|move|p1b: Iron Crown|Psychic|p2a: Koraidon\n|-supereffective|p2a: Koraidon\n|-damage|p2a: Koraidon|0 fnt\n|faint|p2a: Koraidon\n|move|p1a: Elote|Heat Crash|p2b: Incineroar\n|-supereffective|p2b: Incineroar\n|-damage|p2b: Incineroar|0 fnt\n|faint|p2b: Incineroar\n|\n|-weather|SunnyDay|[upkeep]\n|upkeep\n|\n|t:|1746080778\n|switch|p2b: Regieleki|Regieleki, L50|1/100\n|turn|5\n|\n|t:|1746080787\n|switch|p1a: Granada|Lunala, L50, shiny|100/100\n|move|p1b: Iron Crown|Protect|p1b: Iron Crown\n|-singleturn|p1b: Iron Crown|Protect\n|move|p2b: Regieleki|Electroweb|p1b: Iron Crown|[spread] p1a\n|-activate|p1b: Iron Crown|move: Protect\n|-damage|p1a: Granada|92/100\n|-unboost|p1a: Granada|spe|1\n|\n|-weather|none\n|upkeep\n|turn|6\n|\n|t:|1746080803\n|move|p2b: Regieleki|Electroweb|p1b: Iron Crown|[spread] p1a,p1b\n|-damage|p1a: Granada|77/100\n|-damage|p1b: Iron Crown|0 fnt\n|-unboost|p1a: Granada|spe|1\n|faint|p1b: Iron Crown\n|-end|p1b: Iron Crown|Quark Drive|[silent]\n|move|p1a: Granada|Moongeist Beam|p2b: Regieleki\n|-damage|p2b: Regieleki|0 fnt\n|faint|p2b: Regieleki\n|\n|win|EloteYGranada\n||EloteYGranada is ready for game 2.\n||Jsjsjsnsjsjs is ready for game 2.\n|uhtml|next|Next: <a href=\"/battle-gen9vgc2025regibo3-2354491576\"><strong>Game 2 of 3</strong></a>\n|l|\u2606Jsjsjsnsjsjs\n|player|p2|\n|l|\u2606EloteYGranada\n|player|p1|\n", "uploadtime": 1746081074, "views": 24, "formatid": "gen9vgc2025regibo3", "rating": null, "private": 0, "password": null}