{"id": "gen9vgc2025regibo3-2354174337", "format": "[Gen 9] VGC 2025 Reg I (Bo3)", "players": ["GiginVGC", "order a plot twist"], "log": "|j|\u2606GiginVGC\n|j|\u2606order a plot twist\n|html|<table width=\"100%\"><tr><td align=\"left\">GiginVGC</td><td align=\"right\">order a plot twist</tr><tr><td align=\"left\"><i class=\"fa fa-circle\"></i> <i class=\"fa fa-circle-o\"></i> </td><td align=\"right\"><i class=\"fa fa-circle-o\"></i> <i class=\"fa fa-circle-o\"></i> </tr></table>\n|uhtml|bestof|<h2><strong>Game 2</strong> of <a href=\"/game-bestof3-gen9vgc2025regibo3-2354172149\">a best-of-3</a></h2>\n|t:|1746041465\n|gametype|doubles\n|player|p1|GiginVGC|red|1108\n|player|p2|order a plot twist|janine|1075\n|teamsize|p1|6\n|teamsize|p2|6\n|gen|9\n|tier|[Gen 9] VGC 2025 Reg I (Bo3)\n|rated|\n|rule|Species Clause: Limit one of each Pok\u00e9mon\n|rule|Item Clause: Limit 1 of each item\n|clearpoke\n|poke|p1|Calyrex-Shadow, L50|\n|poke|p1|Koraidon, L50|\n|poke|p1|Urshifu-*, L50, M|\n|poke|p1|Whimsicott, L50, M|\n|poke|p1|Raichu, L50, F|\n|poke|p1|Incineroar, L50, F|\n|poke|p2|Zamazenta-*, L50|\n|poke|p2|Dialga, L50|\n|poke|p2|Tyranitar, L50, F|\n|poke|p2|Indeedee, L50, M|\n|poke|p2|Corviknight, L50, F|\n|poke|p2|Gastrodon, L50, M|\n|teampreview|4\n|showteam|p1|Calyrex-Shadow||FocusSash|AsOneSpectrier|TeraBlast,NastyPlot,Protect,AstralBarrage||||||50|,,,,,Normal]Koraidon||ClearAmulet|OrichalcumPulse|SwordsDance,FlameCharge,Protect,CollisionCourse||||||50|,,,,,Steel]Urshifu||ChoiceBand|UnseenFist|WickedBlow,Uturn,CloseCombat,SuckerPunch|||M|||50|,,,,,Poison]Whimsicott||MentalHerb|Prankster|Tailwind,Taunt,Encore,HelpingHand|||M|||50|,,,,,Dark]Raichu||AssaultVest|LightningRod|VoltSwitch,FakeOut,Nuzzle,Endeavor|||F|||50|,,,,,Flying]Incineroar||SafetyGoggles|Intimidate|KnockOff,FakeOut,WillOWisp,PartingShot|||F|||50|,,,,,Ghost\n|showteam|p2|Zamazenta-Crowned||RustedShield|DauntlessShield|BodyPress,HeavySlam,Protect,IronDefense||||||50|,,,,,Fighting]Dialga||ChopleBerry|Pressure|DracoMeteor,FlashCannon,ThunderWave,EarthPower||||||50|,,,,,Water]Tyranitar||SitrusBerry|SandStream|RockSlide,KnockOff,Taunt,Protect|||F|||50|,,,,,Bug]Indeedee||ChoiceScarf|PsychicSurge|ExpandingForce,HyperVoice,DazzlingGleam,Trick|||M|||50|,,,,,Psychic]Corviknight||RockyHelmet|MirrorArmor|Tailwind,Roost,BraveBird,Protect|||F|||50|,,,,,Dragon]Gastrodon||Leftovers|StormDrain|IcyWind,EarthPower,Yawn,Protect|||M|||50|,,,,,Fairy\n|inactive|Battle timer is ON: inactive players will automatically lose when time's up. (requested by order a plot twist)\n|c|\u2606GiginVGC|Glhf\n|inactive|GiginVGC has 60 seconds left.\n|inactive|order a plot twist has 60 seconds left.\n|c|\u2606order a plot twist|You too.\n|inactive|GiginVGC has 30 seconds left.\n|\n|t:|1746041534\n|start\n|switch|p1a: Calyrex|Calyrex-Shadow, L50|100/100\n|switch|p1b: Urshifu|Urshifu, L50, M|100/100\n|switch|p2a: Tyranitar|Tyranitar, L50, F, shiny|100/100\n|switch|p2b: Zamazenta|Zamazenta-Crowned, L50, shiny|100/100\n|-ability|p1a: Calyrex|As One\n|-ability|p1a: Calyrex|Unnerve\n|-ability|p2b: Zamazenta|Dauntless Shield|boost\n|-boost|p2b: Zamazenta|def|1\n|-weather|Sandstorm|[from] ability: Sand Stream|[of] p2a: Tyranitar\n|turn|1\n|\n|t:|1746041553\n|-terastallize|p1b: Urshifu|Poison\n|move|p1a: Calyrex|Nasty Plot|p1a: Calyrex\n|-boost|p1a: Calyrex|spa|2\n|move|p2b: Zamazenta|Body Press|p1b: Urshifu\n|-resisted|p1b: Urshifu\n|-damage|p1b: Urshifu|65/100\n|move|p1b: Urshifu|Close Combat|p2a: Tyranitar\n|-supereffective|p2a: Tyranitar\n|-damage|p2a: Tyranitar|0 fnt\n|-unboost|p1b: Urshifu|def|1\n|-unboost|p1b: Urshifu|spd|1\n|faint|p2a: Tyranitar\n|\n|-weather|Sandstorm|[upkeep]\n|-damage|p1a: Calyrex|94/100|[from] Sandstorm\n|-damage|p1b: Urshifu|59/100|[from] Sandstorm\n|upkeep\n|\n|t:|1746041562\n|switch|p2a: Indeedee|Indeedee, L50, M, shiny|100/100\n|-fieldstart|move: Psychic Terrain|[from] ability: Psychic Surge|[of] p2a: Indeedee\n|turn|2\n|\n|t:|1746041577\n|switch|p1b: Raichu|Raichu, L50, F|100/100\n|move|p1a: Calyrex|Protect|p1a: Calyrex\n|-singleturn|p1a: Calyrex|Protect\n|move|p2b: Zamazenta|Protect|p2b: Zamazenta\n|-singleturn|p2b: Zamazenta|Protect\n|move|p2a: Indeedee|Expanding Force|p1a: Calyrex|[spread] p1b\n|-activate|p1a: Calyrex|move: Protect\n|-damage|p1b: Raichu|41/100\n|\n|-weather|Sandstorm|[upkeep]\n|-damage|p1a: Calyrex|88/100|[from] Sandstorm\n|-damage|p2a: Indeedee|95/100|[from] Sandstorm\n|-damage|p1b: Raichu|35/100|[from] Sandstorm\n|upkeep\n|turn|3\n|\n|t:|1746041595\n|move|p1a: Calyrex|Astral Barrage|p2b: Zamazenta|[spread] p2b\n|-immune|p2a: Indeedee\n|-damage|p2b: Zamazenta|18/100\n|move|p2a: Indeedee|Expanding Force|p1a: Calyrex|[spread] p1a,p1b\n|-resisted|p1a: Calyrex\n|-damage|p1a: Calyrex|60/100\n|-damage|p1b: Raichu|0 fnt\n|faint|p1b: Raichu\n|move|p2b: Zamazenta|Heavy Slam|p1a: Calyrex\n|-damage|p1a: Calyrex|3/100\n|\n|-weather|Sandstorm|[upkeep]\n|-damage|p1a: Calyrex|0 fnt|[from] Sandstorm\n|-damage|p2a: Indeedee|89/100|[from] Sandstorm\n|faint|p1a: Calyrex\n|upkeep\n|c|\u2606GiginVGC|How come I ok last time?\n|\n|t:|1746041616\n|switch|p1a: Koraidon|Koraidon, L50|100/100\n|switch|p1b: Urshifu|Urshifu, L50, M, tera:Poison|59/100\n|-weather|SunnyDay|[from] ability: Orichalcum Pulse|[of] p1a: Koraidon\n|-activate|p1a: Koraidon|Orichalcum Pulse|[source]\n|turn|4\n|\n|t:|1746041634\n|move|p2a: Indeedee|Expanding Force|p1b: Urshifu|[spread] p1a,p1b\n|-supereffective|p1a: Koraidon\n|-supereffective|p1b: Urshifu\n|-damage|p1a: Koraidon|0 fnt\n|-damage|p1b: Urshifu|0 fnt\n|faint|p1a: Koraidon\n|faint|p1b: Urshifu\n|\n|win|order a plot twist\n||order a plot twist is ready for game 3.\n||GiginVGC is ready for game 3.\n|uhtml|next|Next: <a href=\"/battle-gen9vgc2025regibo3-2354176163\"><strong>Game 3 of 3</strong></a>\n|l|\u2606order a plot twist\n|player|p2|\n|l|\u2606GiginVGC\n|player|p1|\n", "uploadtime": 1746042010, "views": 7, "formatid": "gen9vgc2025regibo3", "rating": null, "private": 0, "password": null}