{"id": "gen9vgc2025regibo3-2353734708", "format": "[Gen 9] VGC 2025 Reg I (Bo3)", "players": ["VeganCannibal", "Lollipopyay"], "log": "|j|\u2606VeganCannibal\n|j|\u2606Lollipopyay\n|html|<table width=\"100%\"><tr><td align=\"left\">VeganCannibal</td><td align=\"right\">Lollipopyay</tr><tr><td align=\"left\"><i class=\"fa fa-circle-o\"></i> <i class=\"fa fa-circle-o\"></i> </td><td align=\"right\"><i class=\"fa fa-circle-o\"></i> <i class=\"fa fa-circle-o\"></i> </tr></table>\n|uhtml|bestof|<h2><strong>Game 1</strong> of <a href=\"/game-bestof3-gen9vgc2025regibo3-2353734707\">a best-of-3</a></h2>\n|t:|1745990825\n|gametype|doubles\n|player|p1|VeganCannibal|169|1270\n|player|p2|Lollipopyay|1|1124\n|teamsize|p1|6\n|teamsize|p2|6\n|gen|9\n|tier|[Gen 9] VGC 2025 Reg I (Bo3)\n|rated|\n|rule|Species Clause: Limit one of each Pok\u00e9mon\n|rule|Item Clause: Limit 1 of each item\n|clearpoke\n|poke|p1|Calyrex-Shadow, L50|\n|poke|p1|Zamazenta-*, L50|\n|poke|p1|Incineroar, L50, F|\n|poke|p1|Weezing-Galar, L50, F|\n|poke|p1|Dondozo, L50, F|\n|poke|p1|Tatsugiri-Droopy, L50, F|\n|poke|p2|Necrozma-Dawn-Wings, L50|\n|poke|p2|Calyrex-Ice, L50|\n|poke|p2|Ursaluna-Bloodmoon, L50, M|\n|poke|p2|Indeedee-F, L50, F|\n|poke|p2|Hatterene, L50, F|\n|poke|p2|Amoonguss, L50, M|\n|teampreview|4\n|showteam|p1|Calyrex-Shadow||FocusSash|AsOneSpectrier|AstralBarrage,Psychic,Encore,Protect||||||50|,,,,,Ghost]Zamazenta-Crowned||RustedShield|DauntlessShield|BodyPress,behemothbash,WideGuard,Imprison||||||50|,,,,,Dragon]Incineroar||AssaultVest|Intimidate|Uturn,KnockOff,FlareBlitz,FakeOut|||F|||50|,,,,,Bug]Weezing-Galar||CovertCloak|NeutralizingGas|Protect,DazzlingGleam,ToxicSpikes,Taunt|||F|||50|,,,,,Dark]Dondozo||Leftovers|Unaware|Protect,WaveCrash,OrderUp,BodyPress|||F|||50|,,,,,Grass]Tatsugiri-Droopy||SafetyGoggles|Commander|Protect,DragonPulse,Taunt,HelpingHand|||F|||50|,,,,,Poison\n|showteam|p2|Necrozma-Dawn-Wings||LifeOrb|PrismArmor|CalmMind,MoongeistBeam,TeraBlast,ExpandingForce||||||50|,,,,,Fighting]Calyrex-Ice||ChoiceBand|AsOneGlastrier|GlacialLance,HighHorsepower,CloseCombat,ZenHeadbutt||||||50|,,,,,Ground]Ursaluna-Bloodmoon||SilkScarf|MindsEye|CalmMind,BloodMoon,EarthPower,Protect|||M|||50|,,,,,Normal]Indeedee-F||SafetyGoggles|PsychicSurge|FollowMe,TrickRoom,HelpingHand,Protect|||F|||50|,,,,,Fairy]Hatterene||FocusSash|MagicBounce|TrickRoom,ExpandingForce,HealingWish,Nuzzle|||F|||50|,,,,,Ghost]Amoonguss||SitrusBerry|EffectSpore|Spore,ClearSmog,Protect,PollenPuff|||M|||50|,,,,,Water\n|inactive|Battle timer is ON: inactive players will automatically lose when time's up. (requested by VeganCannibal)\n|inactive|VeganCannibal has 60 seconds left.\n|inactive|Lollipopyay has 60 seconds left.\n|inactive|VeganCannibal has 30 seconds left.\n|inactive|VeganCannibal has 20 seconds left.\n|inactive|VeganCannibal has 15 seconds left.\n|\n|t:|1745990902\n|start\n|switch|p1a: Calyrex|Calyrex-Shadow, L50|100/100\n|switch|p1b: Incineroar|Incineroar, L50, F, shiny|100/100\n|switch|p2a: Indeedee|Indeedee-F, L50, F|100/100\n|switch|p2b: Amoonguss|Amoonguss, L50, M|100/100\n|-ability|p1a: Calyrex|As One\n|-ability|p1a: Calyrex|Unnerve\n|-fieldstart|move: Psychic Terrain|[from] ability: Psychic Surge|[of] p2a: Indeedee\n|-ability|p1b: Incineroar|Intimidate|boost\n|-unboost|p2a: Indeedee|atk|1\n|-unboost|p2b: Amoonguss|atk|1\n|turn|1\n|inactive|VeganCannibal has 30 seconds left.\n|inactive|Lollipopyay has 30 seconds left.\n|inactive|VeganCannibal has 20 seconds left.\n|\n|t:|1745990940\n|-terastallize|p2b: Amoonguss|Water\n|move|p1a: Calyrex|Astral Barrage|p2b: Amoonguss|[spread] p2b\n|-immune|p2a: Indeedee\n|-damage|p2b: Amoonguss|64/100\n|move|p1b: Incineroar|Knock Off|p2b: Amoonguss\n|-damage|p2b: Amoonguss|19/100\n|-enditem|p2b: Amoonguss|Sitrus Berry|[from] move: Knock Off|[of] p1b: Incineroar\n|move|p2b: Amoonguss|Spore|p1a: Calyrex\n|-status|p1a: Calyrex|slp|[from] move: Spore\n|move|p2a: Indeedee|Trick Room|p2a: Indeedee\n|-fieldstart|move: Trick Room|[of] p2a: Indeedee\n|\n|upkeep\n|turn|2\n|inactive|VeganCannibal has 30 seconds left.\n|inactive|Lollipopyay has 30 seconds left.\n|inactive|VeganCannibal has 20 seconds left.\n|inactive|VeganCannibal has 15 seconds left.\n|\n|t:|1745990983\n|switch|p2a: Calyrex|Calyrex-Ice, L50|100/100\n|-ability|p2a: Calyrex|As One\n|-ability|p2a: Calyrex|Unnerve\n|move|p2b: Amoonguss|Spore|p1b: Incineroar\n|-status|p1b: Incineroar|slp|[from] move: Spore\n|cant|p1b: Incineroar|slp\n|cant|p1a: Calyrex|slp\n|\n|upkeep\n|turn|3\n|\n|t:|1745991007\n|switch|p2b: Indeedee|Indeedee-F, L50, F|100/100\n|move|p2a: Calyrex|Glacial Lance|p1a: Calyrex|[spread] p1a,p1b\n|-resisted|p1b: Incineroar\n|-enditem|p1a: Calyrex|Focus Sash\n|-damage|p1a: Calyrex|1/100 slp\n|-damage|p1b: Incineroar|68/100 slp\n|cant|p1b: Incineroar|slp\n|cant|p1a: Calyrex|slp\n|\n|upkeep\n|turn|4\n|\n|t:|1745991029\n|move|p2b: Indeedee|Helping Hand|p2a: Calyrex\n|-singleturn|p2a: Calyrex|Helping Hand|[of] p2b: Indeedee\n|cant|p1a: Calyrex|slp\n|move|p2a: Calyrex|Glacial Lance|p1b: Incineroar|[spread] p1a,p1b\n|-resisted|p1b: Incineroar\n|-damage|p1a: Calyrex|0 fnt\n|-damage|p1b: Incineroar|19/100 slp\n|faint|p1a: Calyrex\n|-ability|p2a: Calyrex|Chilling Neigh|boost\n|-boost|p2a: Calyrex|atk|1\n|cant|p1b: Incineroar|slp\n|\n|upkeep\n|-message|VeganCannibal forfeited.\n|\n|win|Lollipopyay\n|l|\u2606VeganCannibal\n|player|p1|\n||VeganCannibal is ready for game 2.\n|l|\u2606Lollipopyay\n|player|p2|\n||Lollipopyay is ready for game 2.\n|uhtml|next|Next: <a href=\"/battle-gen9vgc2025regibo3-2353736038\"><strong>Game 2 of 3</strong></a>\n", "uploadtime": 1745991448, "views": 22, "formatid": "gen9vgc2025regibo3", "rating": null, "private": 0, "password": null}