{"id": "gen9vgc2025regibo3-2354391461", "format": "[Gen 9] VGC 2025 Reg I (Bo3)", "players": ["nintendoswitch200", "LittleBig18"], "log": "|j|\u2606nintendoswitch200\n|j|\u2606LittleBig18\n|html|<table width=\"100%\"><tr><td align=\"left\">nintendoswitch200</td><td align=\"right\">LittleBig18</tr><tr><td align=\"left\"><i class=\"fa fa-circle-o\"></i> <i class=\"fa fa-circle-o\"></i> </td><td align=\"right\"><i class=\"fa fa-circle-o\"></i> <i class=\"fa fa-circle-o\"></i> </tr></table>\n|uhtml|bestof|<h2><strong>Game 1</strong> of <a href=\"/game-bestof3-gen9vgc2025regibo3-2354391460\">a best-of-3</a></h2>\n|t:|1746065612\n|gametype|doubles\n|player|p1|nintendoswitch200|turo|1245\n|player|p2|LittleBig18|buck|1152\n|teamsize|p1|6\n|teamsize|p2|6\n|gen|9\n|tier|[Gen 9] VGC 2025 Reg I (Bo3)\n|rated|\n|rule|Species Clause: Limit one of each Pok\u00e9mon\n|rule|Item Clause: Limit 1 of each item\n|clearpoke\n|poke|p1|Urshifu-*, L50, M|\n|poke|p1|Incineroar, L50, F|\n|poke|p1|Calyrex-Shadow, L50|\n|poke|p1|Raging Bolt, L50|\n|poke|p1|Rillaboom, L50, M|\n|poke|p1|Zamazenta-*, L50|\n|poke|p2|Koraidon, L50|\n|poke|p2|Lunala, L50|\n|poke|p2|Indeedee-F, L50, F|\n|poke|p2|Brute Bonnet, L50|\n|poke|p2|Flutter Mane, L50|\n|poke|p2|Chi-Yu, L50|\n|teampreview|4\n|showteam|p1|Urshifu-Rapid-Strike||FocusSash|UnseenFist|Detect,SurgingStrikes,CloseCombat,AquaJet|||M|||50|,,,,,Stellar]Incineroar||SafetyGoggles|Intimidate|FakeOut,PartingShot,HelpingHand,KnockOff|||F|||50|,,,,,Ghost]Calyrex-Shadow||CovertCloak|AsOneSpectrier|Protect,NastyPlot,AstralBarrage,Psyshock||||||50|,,,,,Water]Raging Bolt||BoosterEnergy|Protosynthesis|Protect,Thunderclap,DragonPulse,Thunderbolt||||||50|,,,,,Fairy]Rillaboom||AssaultVest|GrassySurge|FakeOut,GrassyGlide,WoodHammer,Uturn|||M|||50|,,,,,Fire]Zamazenta-Crowned||RustedShield|DauntlessShield|Protect,BodyPress,WideGuard,HeavySlam||||||50|,,,,,Dragon\n|showteam|p2|Koraidon||LifeOrb|OrichalcumPulse|CloseCombat,FlareBlitz,FlameCharge,Protect||||||50|,,,,,Fire]Lunala||CovertCloak|ShadowShield|MoongeistBeam,ExpandingForce,TrickRoom,WideGuard||||||50|,,,,,Fairy]Indeedee-F||PsychicSeed|PsychicSurge|FollowMe,HelpingHand,TrickRoom,AlluringVoice|||F|||50|,,,,,Fairy]Brute Bonnet||RockyHelmet|Protosynthesis|RagePowder,Spore,SuckerPunch,SeedBomb||||||50|,,,,,Water]Flutter Mane||FocusSash|Protosynthesis|Moonblast,ShadowBall,IcyWind,Protect||||||50|,,,,,Normal]Chi-Yu||ChoiceScarf|BeadsofRuin|Overheat,HeatWave,Flamethrower,DarkPulse||||||50|,,,,,Fire\n|inactive|Battle timer is ON: inactive players will automatically lose when time's up. (requested by nintendoswitch200)\n|inactive|nintendoswitch200 has 60 seconds left.\n|inactive|LittleBig18 has 60 seconds left.\n|\n|t:|1746065673\n|start\n|switch|p1a: Raging Bolt|Raging Bolt, L50|100/100\n|switch|p1b: Rillaboom|Rillaboom, L50, M|100/100\n|switch|p2a: Koraidon|Koraidon, L50|100/100\n|switch|p2b: Flutter Mane|Flutter Mane, L50|100/100\n|-weather|SunnyDay|[from] ability: Orichalcum Pulse|[of] p2a: Koraidon\n|-activate|p2b: Flutter Mane|ability: Protosynthesis\n|-start|p2b: Flutter Mane|protosynthesisspe\n|-activate|p1a: Raging Bolt|ability: Protosynthesis\n|-start|p1a: Raging Bolt|protosynthesisspa\n|-activate|p2a: Koraidon|Orichalcum Pulse|[source]\n|-fieldstart|move: Grassy Terrain|[from] ability: Grassy Surge|[of] p1b: Rillaboom\n|turn|1\n|inactive|nintendoswitch200 has 30 seconds left.\n|inactive|LittleBig18 has 30 seconds left.\n|\n|t:|1746065711\n|-terastallize|p1b: Rillaboom|Fire\n|move|p2a: Koraidon|Protect|p2a: Koraidon\n|-singleturn|p2a: Koraidon|Protect\n|move|p1b: Rillaboom|Grassy Glide|p2b: Flutter Mane\n|-damage|p2b: Flutter Mane|31/100\n|move|p1a: Raging Bolt|Thunderclap|p2b: Flutter Mane\n|-damage|p2b: Flutter Mane|0 fnt\n|faint|p2b: Flutter Mane\n|-end|p2b: Flutter Mane|Protosynthesis|[silent]\n|\n|-weather|SunnyDay|[upkeep]\n|upkeep\n|\n|t:|1746065726\n|switch|p2b: Chi-Yu|Chi-Yu, L50|100/100\n|-ability|p2b: Chi-Yu|Beads of Ruin\n|turn|2\n|\n|t:|1746065750\n|-terastallize|p2b: Chi-Yu|Fire\n|move|p1a: Raging Bolt|Protect|p1a: Raging Bolt\n|-singleturn|p1a: Raging Bolt|Protect\n|move|p2b: Chi-Yu|Heat Wave|p1b: Rillaboom|[spread] p1b\n|-activate|p1a: Raging Bolt|move: Protect\n|-resisted|p1b: Rillaboom\n|-crit|p1b: Rillaboom\n|-damage|p1b: Rillaboom|53/100\n|move|p2a: Koraidon|Close Combat|p1a: Raging Bolt\n|-activate|p1a: Raging Bolt|move: Protect\n|move|p1b: Rillaboom|U-turn|p2b: Chi-Yu\n|-resisted|p2b: Chi-Yu\n|-damage|p2b: Chi-Yu|80/100\n|\n|t:|1746065755\n|switch|p1b: Incineroar|Incineroar, L50, F|100/100|[from] U-turn\n|-ability|p1b: Incineroar|Intimidate|boost\n|-unboost|p2a: Koraidon|atk|1\n|-unboost|p2b: Chi-Yu|atk|1\n|\n|-weather|SunnyDay|[upkeep]\n|-heal|p2b: Chi-Yu|87/100|[from] Grassy Terrain\n|upkeep\n|turn|3\n|\n|t:|1746065769\n|switch|p2a: Brute Bonnet|Brute Bonnet, L50|100/100\n|-activate|p2a: Brute Bonnet|ability: Protosynthesis\n|-start|p2a: Brute Bonnet|protosynthesisdef\n|move|p2b: Chi-Yu|Heat Wave|p1b: Incineroar|[spread] p1b\n|-miss|p2b: Chi-Yu|p1a: Raging Bolt\n|-resisted|p1b: Incineroar\n|-damage|p1b: Incineroar|58/100\n|move|p1a: Raging Bolt|Dragon Pulse|p2a: Brute Bonnet\n|-damage|p2a: Brute Bonnet|38/100\n|move|p1b: Incineroar|Parting Shot|p2b: Chi-Yu\n|-unboost|p2b: Chi-Yu|atk|1\n|-unboost|p2b: Chi-Yu|spa|1\n|\n|t:|1746065792\n|switch|p1b: Rillaboom|Rillaboom, L50, M, tera:Fire|53/100|[from] Parting Shot\n|\n|-weather|SunnyDay|[upkeep]\n|-heal|p2b: Chi-Yu|93/100|[from] Grassy Terrain\n|-heal|p1b: Rillaboom|59/100|[from] Grassy Terrain\n|-heal|p2a: Brute Bonnet|44/100|[from] Grassy Terrain\n|upkeep\n|turn|4\n|\n|t:|1746065809\n|move|p2b: Chi-Yu|Heat Wave|p1b: Rillaboom|[spread] p1a,p1b\n|-resisted|p1a: Raging Bolt\n|-resisted|p1b: Rillaboom\n|-damage|p1a: Raging Bolt|70/100\n|-damage|p1b: Rillaboom|37/100\n|move|p1b: Rillaboom|U-turn|p2a: Brute Bonnet\n|-supereffective|p2a: Brute Bonnet\n|-damage|p2a: Brute Bonnet|0 fnt\n|-damage|p1b: Rillaboom|21/100|[from] item: Rocky Helmet|[of] p2a: Brute Bonnet\n|faint|p2a: Brute Bonnet\n|-end|p2a: Brute Bonnet|Protosynthesis|[silent]\n|\n|t:|1746065815\n|switch|p1b: Incineroar|Incineroar, L50, F|58/100|[from] U-turn\n|-ability|p1b: Incineroar|Intimidate|boost\n|-unboost|p2b: Chi-Yu|atk|1\n|move|p1a: Raging Bolt|Dragon Pulse|p2b: Chi-Yu\n|-damage|p2b: Chi-Yu|17/100\n|\n|-weather|SunnyDay|[upkeep]\n|-heal|p2b: Chi-Yu|23/100|[from] Grassy Terrain\n|-heal|p1a: Raging Bolt|76/100|[from] Grassy Terrain\n|-heal|p1b: Incineroar|64/100|[from] Grassy Terrain\n|upkeep\n|-message|LittleBig18 forfeited.\n|\n|win|nintendoswitch200\n|l|\u2606LittleBig18\n|player|p2|\n", "uploadtime": 1746065818, "views": 8, "formatid": "gen9vgc2025regibo3", "rating": null, "private": 0, "password": null}