{"id": "gen9vgc2025regibo3-2354544685", "format": "[Gen 9] VGC 2025 Reg I (Bo3)", "players": ["moth.o", "queenofkp"], "log": "|j|\u2606moth.o\n|j|\u2606queenofkp\n|html|<table width=\"100%\"><tr><td align=\"left\">moth.o</td><td align=\"right\">queenofkp</tr><tr><td align=\"left\"><i class=\"fa fa-circle-o\"></i> <i class=\"fa fa-circle-o\"></i> </td><td align=\"right\"><i class=\"fa fa-circle-o\"></i> <i class=\"fa fa-circle-o\"></i> </tr></table>\n|uhtml|bestof|<h2><strong>Game 1</strong> of <a href=\"/game-bestof3-gen9vgc2025regibo3-2354544682\">a best-of-3</a></h2>\n|t:|1746091594\n|gametype|doubles\n|player|p1|moth.o|roxie|1175\n|player|p2|queenofkp|skierf-gen4dp|1028\n|teamsize|p1|6\n|teamsize|p2|6\n|gen|9\n|tier|[Gen 9] VGC 2025 Reg I (Bo3)\n|rated|\n|rule|Species Clause: Limit one of each Pok\u00e9mon\n|rule|Item Clause: Limit 1 of each item\n|clearpoke\n|poke|p1|Koraidon, L50|\n|poke|p1|Lunala, L50|\n|poke|p1|Rillaboom, L50, M|\n|poke|p1|Farigiraf, L50, M|\n|poke|p1|Raging Bolt, L50|\n|poke|p1|Landorus, L50, M|\n|poke|p2|Koraidon, L50|\n|poke|p2|Calyrex-Shadow, L50|\n|poke|p2|Chi-Yu, L50|\n|poke|p2|Weezing-Galar, L50, F|\n|poke|p2|Iron Hands, L50|\n|poke|p2|Ogerpon-Cornerstone, L50, F|\n|teampreview|4\n|showteam|p1|Koraidon||ClearAmulet|OrichalcumPulse|Protect,BreakingSwipe,CollisionCourse,FlameCharge||||||50|,,,,,Fire]Lunala||Leftovers|ShadowShield|WideGuard,Moonblast,MoongeistBeam,CalmMind||||||50|,,,,,Fairy]Rillaboom||AssaultVest|GrassySurge|FakeOut,WoodHammer,Uturn,GrassyGlide|||M|||50|,,,,,Fire]Farigiraf||SafetyGoggles|ArmorTail|Protect,HelpingHand,TrickRoom,Psychic|||M|||50|,,,,,Water]Raging Bolt||Magnet|Protosynthesis|Protect,Thunderbolt,Thunderclap,DracoMeteor||||||50|,,,,,Water]Landorus||LifeOrb|SheerForce|Protect,SandsearStorm,EarthPower,SludgeBomb|||M|||50|,,,,,Ground\n|showteam|p2|Koraidon||AbilityShield|OrichalcumPulse|CollisionCourse,DragonClaw,FlareBlitz,Protect||||||50|,,,,,Fire]Calyrex-Shadow||FocusSash|AsOneSpectrier|AstralBarrage,Psychic,Encore,Protect||||||50|,,,,,Ghost]Chi-Yu||ChoiceScarf|BeadsofRuin|DarkPulse,Snarl,HeatWave,Overheat||||||50|,,,,,Ghost]Weezing-Galar||CovertCloak|NeutralizingGas|ToxicSpikes,DazzlingGleam,Taunt,Protect|||F|||50|,,,,,Dark]Iron Hands||AssaultVest|QuarkDrive|DrainPunch,LowKick,WildCharge,FakeOut||||||50|,,,,,Water]Ogerpon-Cornerstone||CornerstoneMask|Sturdy|IvyCudgel,PowerWhip,FollowMe,SpikyShield|||F|||50|,,,,,Rock\n|inactive|Battle timer is ON: inactive players will automatically lose when time's up. (requested by queenofkp)\n|inactive|moth.o has 60 seconds left.\n|inactive|moth.o has 30 seconds left.\n|\n|t:|1746091667\n|start\n|switch|p1a: Meteosat|Raging Bolt, L50|100/100\n|switch|p1b: Carmilla|Lunala, L50|100/100\n|switch|p2a: Weezing|Weezing-Galar, L50, F|100/100\n|switch|p2b: Iron Hands|Iron Hands, L50|100/100\n|-ability|p2a: Weezing|Neutralizing Gas\n|turn|1\n|inactive|moth.o has 30 seconds left.\n|\n|t:|1746091693\n|move|p2b: Iron Hands|Fake Out|p1a: Meteosat\n|-damage|p1a: Meteosat|88/100\n|move|p1b: Carmilla|Calm Mind|p1b: Carmilla\n|-boost|p1b: Carmilla|spa|1\n|-boost|p1b: Carmilla|spd|1\n|cant|p1a: Meteosat|flinch\n|move|p2a: Weezing|Toxic Spikes|p1b: Carmilla\n|-sidestart|p1: moth.o|move: Toxic Spikes\n|\n|upkeep\n|turn|2\n|\n|t:|1746091715\n|move|p1b: Carmilla|Moongeist Beam|p2a: Weezing\n|-damage|p2a: Weezing|15/100\n|move|p1a: Meteosat|Thunderbolt|p2a: Weezing\n|-damage|p2a: Weezing|0 fnt\n|faint|p2a: Weezing\n|-end|p2a: Weezing|ability: Neutralizing Gas\n|move|p2b: Iron Hands|Wild Charge|p1b: Carmilla\n|-damage|p1b: Carmilla|82/100\n|-damage|p2b: Iron Hands|96/100|[from] Recoil\n|\n|-heal|p1b: Carmilla|88/100|[from] item: Leftovers\n|upkeep\n|\n|t:|1746091730\n|switch|p2a: Calyrex|Calyrex-Shadow, L50|100/100\n|-ability|p2a: Calyrex|As One\n|-ability|p2a: Calyrex|Unnerve\n|turn|3\n|inactive|moth.o has 30 seconds left.\n|\n|t:|1746091763\n|-end|p2b: Iron Hands|Quark Drive|[silent]\n|switch|p2b: Ogerpon|Ogerpon-Cornerstone, L50, F|100/100\n|-terastallize|p1b: Carmilla|Fairy\n|move|p2a: Calyrex|Protect|p2a: Calyrex\n|-singleturn|p2a: Calyrex|Protect\n|move|p1b: Carmilla|Moongeist Beam|p2b: Ogerpon\n|-damage|p2b: Ogerpon|8/100\n|move|p1a: Meteosat|Draco Meteor|p2b: Ogerpon\n|-damage|p2b: Ogerpon|0 fnt\n|-unboost|p1a: Meteosat|spa|2\n|faint|p2b: Ogerpon\n|\n|-heal|p1b: Carmilla|94/100|[from] item: Leftovers\n|upkeep\n|\n|t:|1746091778\n|switch|p2b: Iron Hands|Iron Hands, L50|96/100\n|turn|4\n|\n|t:|1746091787\n|-end|p1a: Meteosat|Protosynthesis|[silent]\n|switch|p1a: Hispasat|Farigiraf, L50, M, shiny|100/100\n|-status|p1a: Hispasat|psn\n|-terastallize|p2a: Calyrex|Ghost\n|move|p2b: Iron Hands|Fake Out||[still]\n|cant|p1a: Hispasat|ability: Armor Tail|Fake Out|[of] p2b: Iron Hands\n|move|p2a: Calyrex|Astral Barrage|p1a: Hispasat|[spread] p1b\n|-immune|p1a: Hispasat\n|-damage|p1b: Carmilla|56/100\n|move|p1b: Carmilla|Moongeist Beam|p2a: Calyrex\n|-supereffective|p2a: Calyrex\n|-enditem|p2a: Calyrex|Focus Sash\n|-damage|p2a: Calyrex|1/100\n|\n|-heal|p1b: Carmilla|62/100|[from] item: Leftovers\n|-damage|p1a: Hispasat|88/100 psn|[from] psn\n|upkeep\n|turn|5\n|-message|queenofkp forfeited.\n|\n|win|moth.o\n|l|\u2606queenofkp\n|player|p2|\n||queenofkp is ready for game 2.\n||queenofkp is ready for game 2.\n|inactive|moth.o has 30 seconds to confirm battle start!\n||moth.o is ready for game 2.\n|uhtml|next|Next: <a href=\"/battle-gen9vgc2025regibo3-2354545842\"><strong>Game 2 of 3</strong></a>\n", "uploadtime": 1746091878, "views": 13, "formatid": "gen9vgc2025regibo3", "rating": null, "private": 0, "password": null}