{"id": "gen9vgc2025regibo3-2353545962", "format": "[Gen 9] VGC 2025 Reg I (Bo3)", "players": ["akasia", "habeebomarali123"], "log": "|j|\u2606akasia\n|j|\u2606habeebomarali123\n|html|<table width=\"100%\"><tr><td align=\"left\">akasia</td><td align=\"right\">habeebomarali123</tr><tr><td align=\"left\"><i class=\"fa fa-circle-o\"></i> <i class=\"fa fa-circle-o\"></i> </td><td align=\"right\"><i class=\"fa fa-circle-o\"></i> <i class=\"fa fa-circle-o\"></i> </tr></table>\n|uhtml|bestof|<h2><strong>Game 1</strong> of <a href=\"/game-bestof3-gen9vgc2025regibo3-2353545961\">a best-of-3</a></h2>\n|t:|1745966746\n|gametype|doubles\n|player|p1|akasia|101|1211\n|player|p2|habeebomarali123|veteran|1195\n|teamsize|p1|6\n|teamsize|p2|6\n|gen|9\n|tier|[Gen 9] VGC 2025 Reg I (Bo3)\n|rated|\n|rule|Species Clause: Limit one of each Pok\u00e9mon\n|rule|Item Clause: Limit 1 of each item\n|clearpoke\n|poke|p1|Urshifu-*, L50, F|\n|poke|p1|Lunala, L50|\n|poke|p1|Koraidon, L50|\n|poke|p1|Rillaboom, L50, F|\n|poke|p1|Grimmsnarl, L50, M|\n|poke|p1|Incineroar, L50, F|\n|poke|p2|Zekrom, L50|\n|poke|p2|Miraidon, L50|\n|poke|p2|Tornadus, L50, M|\n|poke|p2|Incineroar, L50, F|\n|poke|p2|Urshifu-*, L50, M|\n|poke|p2|Pelipper, L50, M|\n|teampreview|4\n|showteam|p1|Urshifu-Rapid-Strike||FocusSash|UnseenFist|AquaJet,SurgingStrikes,CloseCombat,Detect|||F|||50|,,,,,Stellar]Lunala||PowerHerb|ShadowShield|MoongeistBeam,Psychic,MeteorBeam,WideGuard||||||50|,,,,,Fairy]Koraidon||ClearAmulet|OrichalcumPulse|CollisionCourse,FlameCharge,FlareBlitz,Protect||||||50|,,,,,Fighting]Rillaboom||AssaultVest|GrassySurge|FakeOut,WoodHammer,GrassyGlide,Uturn|||F|||50|,,,,,Fire]Grimmsnarl||LightClay|Prankster|ThunderWave,SpiritBreak,LightScreen,Reflect|||M|||50|,,,,,Poison]Incineroar||RockyHelmet|Intimidate|FakeOut,FlareBlitz,KnockOff,PartingShot|||F|||50|,,,,,Ghost\n|showteam|p2|Zekrom||LifeOrb|Teravolt|DragonDance,DragonClaw,Protect,FusionBolt||||||50|,,,,,Electric]Miraidon||ChoiceSpecs|HadronEngine|DazzlingGleam,DracoMeteor,ElectroDrift,VoltSwitch||||||50|,,,,,Fairy]Tornadus||CovertCloak|Prankster|Tailwind,BleakwindStorm,ScaryFace,Protect|||M|||50|,,,,,Dark]Incineroar||AssaultVest|Intimidate|KnockOff,FlareBlitz,Uturn,FakeOut|||F|||50|,,,,,Bug]Urshifu||FocusSash|UnseenFist|WickedBlow,SuckerPunch,CloseCombat,Detect|||M|||50|,,,,,Stellar]Pelipper||AbilityShield|Drizzle|Protect,Hurricane,WeatherBall,WideGuard|||M|||50|,,,,,Ghost\n|\n|t:|1745966797\n|start\n|switch|p1a: Grimmsnarl|Grimmsnarl, L50, M|100/100\n|switch|p1b: Lunala|Lunala, L50|100/100\n|switch|p2a: Incineroar|Incineroar, L50, F|100/100\n|switch|p2b: Miraidon|Miraidon, L50|100/100\n|-fieldstart|move: Electric Terrain|[from] ability: Hadron Engine|[of] p2b: Miraidon\n|-ability|p2a: Incineroar|Intimidate|boost\n|-unboost|p1a: Grimmsnarl|atk|1\n|-unboost|p1b: Lunala|atk|1\n|turn|1\n|\n|t:|1745966813\n|-terastallize|p1b: Lunala|Fairy\n|move|p1a: Grimmsnarl|Light Screen|p1a: Grimmsnarl\n|-sidestart|p1: akasia|move: Light Screen\n|move|p2b: Miraidon|Electro Drift|p1b: Lunala\n|-damage|p1b: Lunala|69/100\n|move|p1b: Lunala|Meteor Beam||[still]\n|-prepare|p1b: Lunala|Meteor Beam\n|-boost|p1b: Lunala|spa|1\n|-enditem|p1b: Lunala|Power Herb\n|-anim|p1b: Lunala|Meteor Beam|p2a: Incineroar|[miss]\n|-miss|p1b: Lunala|p2a: Incineroar\n|move|p2a: Incineroar|Knock Off|p1b: Lunala\n|-resisted|p1b: Lunala\n|-damage|p1b: Lunala|58/100\n|\n|upkeep\n|turn|2\n|\n|t:|1745966837\n|move|p2b: Miraidon|Electro Drift|p1b: Lunala\n|-damage|p1b: Lunala|0 fnt\n|faint|p1b: Lunala\n|move|p1a: Grimmsnarl|Spirit Break|p2b: Miraidon\n|-supereffective|p2b: Miraidon\n|-damage|p2b: Miraidon|56/100\n|-unboost|p2b: Miraidon|spa|1\n|move|p2a: Incineroar|Flare Blitz|p1a: Grimmsnarl\n|-damage|p1a: Grimmsnarl|47/100\n|-damage|p2a: Incineroar|83/100|[from] Recoil\n|\n|upkeep\n|c|\u2606habeebomarali123|incin goated\n|\n|t:|1745966850\n|switch|p1b: Koraidon|Koraidon, L50|100/100\n|-weather|SunnyDay|[from] ability: Orichalcum Pulse|[of] p1b: Koraidon\n|-activate|p1b: Koraidon|Orichalcum Pulse|[source]\n|turn|3\n|\n|t:|1745966860\n|switch|p2b: Pelipper|Pelipper, L50, M|100/100\n|-weather|RainDance|[from] ability: Drizzle|[of] p2b: Pelipper\n|-terastallize|p2a: Incineroar|Bug\n|move|p1b: Koraidon|Collision Course|p2a: Incineroar\n|-resisted|p2a: Incineroar\n|-damage|p2a: Incineroar|58/100\n|move|p1a: Grimmsnarl|Spirit Break|p2b: Pelipper\n|-damage|p2b: Pelipper|78/100\n|-unboost|p2b: Pelipper|spa|1\n|move|p2a: Incineroar|Knock Off|p1b: Koraidon\n|-resisted|p1b: Koraidon\n|-damage|p1b: Koraidon|79/100\n|-enditem|p1b: Koraidon|Clear Amulet|[from] move: Knock Off|[of] p2a: Incineroar\n|\n|-weather|RainDance|[upkeep]\n|upkeep\n|turn|4\n|\n|t:|1745966878\n|switch|p1b: Rillaboom|Rillaboom, L50, F|100/100\n|-fieldstart|move: Grassy Terrain|[from] ability: Grassy Surge|[of] p1b: Rillaboom\n|move|p2b: Pelipper|Protect|p2b: Pelipper\n|-singleturn|p2b: Pelipper|Protect\n|move|p1a: Grimmsnarl|Spirit Break|p2b: Pelipper\n|-activate|p2b: Pelipper|move: Protect\n|move|p2a: Incineroar|U-turn|p1b: Rillaboom\n|-supereffective|p1b: Rillaboom\n|-damage|p1b: Rillaboom|42/100\n|\n|t:|1745966889\n|switch|p2a: Tornadus|Tornadus, L50, M|100/100|[from] U-turn\n|\n|-weather|RainDance|[upkeep]\n|-heal|p1b: Rillaboom|48/100|[from] Grassy Terrain\n|-heal|p1a: Grimmsnarl|53/100|[from] Grassy Terrain\n|upkeep\n|turn|5\n|-message|akasia forfeited.\n|raw|akasia's rating: 1211 &rarr; <strong>1185</strong><br />(-26 for losing)\n|raw|habeebomarali123's rating: 1195 &rarr; <strong>1221</strong><br />(+26 for winning)\n|\n|win|habeebomarali123\n|l|\u2606akasia\n|player|p1|\n|l|\u2606habeebomarali123\n|player|p2|\n", "uploadtime": 1745967260, "views": 6, "formatid": "gen9vgc2025regibo3", "rating": 1185, "private": 0, "password": null}