{"id": "gen9vgc2025regibo3-2353684266", "format": "[Gen 9] VGC 2025 Reg I (Bo3)", "players": ["calciumnyl", "stanhoff"], "log": "|j|\u2606calciumnyl\n|j|\u2606stanhoff\n|html|<table width=\"100%\"><tr><td align=\"left\">calciumnyl</td><td align=\"right\">stanhoff</tr><tr><td align=\"left\"><i class=\"fa fa-circle\"></i> <i class=\"fa fa-circle-o\"></i> </td><td align=\"right\"><i class=\"fa fa-circle-o\"></i> <i class=\"fa fa-circle\"></i> </tr></table>\n|uhtml|bestof|<h2><strong>Game 3</strong> of <a href=\"/game-bestof3-gen9vgc2025regibo3-2353681503\">a best-of-3</a></h2>\n|t:|1745983276\n|gametype|doubles\n|player|p1|calciumnyl|kieran|1165\n|player|p2|stanhoff|falkner|1228\n|teamsize|p1|6\n|teamsize|p2|6\n|gen|9\n|tier|[Gen 9] VGC 2025 Reg I (Bo3)\n|rated|\n|rule|Species Clause: Limit one of each Pok\u00e9mon\n|rule|Item Clause: Limit 1 of each item\n|clearpoke\n|poke|p1|Zacian-*, L50|\n|poke|p1|Groudon, L50|\n|poke|p1|Mienshao, L50, M|\n|poke|p1|Raging Bolt, L50|\n|poke|p1|Incineroar, L50, F|\n|poke|p1|Flutter Mane, L50|\n|poke|p2|Calyrex-Shadow, L50|\n|poke|p2|Miraidon, L50|\n|poke|p2|Indeedee-F, L50, F|\n|poke|p2|Brute Bonnet, L50|\n|poke|p2|Iron Bundle, L50|\n|poke|p2|Sneasler, L50, M|\n|teampreview|4\n|showteam|p1|Zacian-Crowned||RustedSword|IntrepidSword|behemothblade,PlayRough,CloseCombat,Protect||||||50|,,,,,Ground]Groudon||AssaultVest|Drought|PrecipiceBlades,HeatCrash,HighHorsepower,ThunderPunch||||||50|,,,,,Fire]Mienshao||FocusSash|InnerFocus|FakeOut,WideGuard,Coaching,CloseCombat|||M|||50|,,,,,Steel]Raging Bolt||Magnet|Protosynthesis|Thunderclap,Thunderbolt,DracoMeteor,Protect||||||50|,,,,,Water]Incineroar||SafetyGoggles|Intimidate|FakeOut,PartingShot,FlareBlitz,KnockOff|||F|||50|,,,,,Ghost]Flutter Mane||BoosterEnergy|Protosynthesis|DazzlingGleam,ShadowBall,Moonblast,Protect||||||50|,,,,,Fairy\n|showteam|p2|Calyrex-Shadow||FocusSash|AsOneSpectrier|AstralBarrage,ExpandingForce,Disable,Protect||||||50|,,,,,Ghost]Miraidon||LifeOrb|HadronEngine|ElectroDrift,DracoMeteor,DazzlingGleam,Protect||||||50|,,,,,Fairy]Indeedee-F||PsychicSeed|PsychicSurge|FollowMe,AlluringVoice,TrickRoom,Imprison|||F|||50|,,,,,Fairy]Brute Bonnet||CovertCloak|Protosynthesis|Spore,SuckerPunch,SeedBomb,RagePowder||||||50|,,,,,Water]Iron Bundle||KingsRock|QuarkDrive|IcyWind,FreezeDry,Fling,Protect||||||50|,,,,,Grass]Sneasler||RazorFang|Unburden|FakeOut,Fling,CloseCombat,Protect|||M|||50|,,,,,Dark\n|inactive|Battle timer is ON: inactive players will automatically lose when time's up. (requested by calciumnyl)\n|inactive|calciumnyl has 60 seconds left.\n|inactive|stanhoff has 60 seconds left.\n|\n|t:|1745983313\n|start\n|switch|p1a: High Jump Miss|Mienshao, L50, M|100/100\n|switch|p1b: Precimiss Blades|Groudon, L50|100/100\n|switch|p2a: Sneasler|Sneasler, L50, M|100/100\n|switch|p2b: Calyrex|Calyrex-Shadow, L50|100/100\n|-ability|p2b: Calyrex|As One\n|-ability|p2b: Calyrex|Unnerve\n|-weather|SunnyDay|[from] ability: Drought|[of] p1b: Precimiss Blades\n|turn|1\n|\n|t:|1745983322\n|-terastallize|p2b: Calyrex|Ghost\n|move|p2a: Sneasler|Fake Out|p1a: High Jump Miss\n|-damage|p1a: High Jump Miss|77/100\n|move|p2b: Calyrex|Astral Barrage|p1a: High Jump Miss|[spread] p1a,p1b\n|-damage|p1a: High Jump Miss|0 fnt\n|-damage|p1b: Precimiss Blades|57/100\n|faint|p1a: High Jump Miss\n|-ability|p2b: Calyrex|Grim Neigh|boost\n|-boost|p2b: Calyrex|spa|1\n|move|p1b: Precimiss Blades|Precipice Blades|p2a: Sneasler|[spread] p2b\n|-miss|p1b: Precimiss Blades|p2a: Sneasler\n|-damage|p2b: Calyrex|37/100\n|\n|-weather|SunnyDay|[upkeep]\n|upkeep\n|\n|t:|1745983339\n|switch|p1a: Will-O-Miss|Incineroar, L50, F|100/100\n|-ability|p1a: Will-O-Miss|Intimidate|boost\n|-unboost|p2a: Sneasler|atk|1\n|-unboost|p2b: Calyrex|atk|1\n|turn|2\n|\n|t:|1745983347\n|move|p2b: Calyrex|Protect|p2b: Calyrex\n|-singleturn|p2b: Calyrex|Protect\n|move|p2a: Sneasler|Protect|p2a: Sneasler\n|-singleturn|p2a: Sneasler|Protect\n|move|p1a: Will-O-Miss|Fake Out|p2a: Sneasler\n|-activate|p2a: Sneasler|move: Protect\n|move|p1b: Precimiss Blades|Heat Crash|p2b: Calyrex\n|-activate|p2b: Calyrex|move: Protect\n|\n|-weather|SunnyDay|[upkeep]\n|upkeep\n|turn|3\n|\n|t:|1745983364\n|move|p2b: Calyrex|Astral Barrage|p1b: Precimiss Blades|[spread] p1a,p1b\n|-resisted|p1a: Will-O-Miss\n|-damage|p1a: Will-O-Miss|52/100\n|-damage|p1b: Precimiss Blades|0 fnt\n|faint|p1b: Precimiss Blades\n|-ability|p2b: Calyrex|Grim Neigh|boost\n|-boost|p2b: Calyrex|spa|1\n|move|p2a: Sneasler|Fling|p1a: Will-O-Miss\n|-resisted|p1a: Will-O-Miss\n|-damage|p1a: Will-O-Miss|50/100\n|-enditem|p2a: Sneasler|Razor Fang|[from] move: Fling\n|cant|p1a: Will-O-Miss|flinch\n|\n|-weather|SunnyDay|[upkeep]\n|upkeep\n|\n|t:|1745983370\n|switch|p1b: Play Miss|Zacian-Crowned, L50|100/100\n|-ability|p1b: Play Miss|Intrepid Sword|boost\n|-boost|p1b: Play Miss|atk|1\n|turn|4\n|c|\u2606calciumnyl|ggwp\n|\n|t:|1745983381\n|-terastallize|p1b: Play Miss|Ground\n|move|p2a: Sneasler|Close Combat|p1a: Will-O-Miss\n|-supereffective|p1a: Will-O-Miss\n|-crit|p1a: Will-O-Miss\n|-damage|p1a: Will-O-Miss|0 fnt\n|-unboost|p2a: Sneasler|def|1\n|-unboost|p2a: Sneasler|spd|1\n|faint|p1a: Will-O-Miss\n|move|p2b: Calyrex|Astral Barrage|p1b: Play Miss\n|-damage|p1b: Play Miss|0 fnt\n|faint|p1b: Play Miss\n|\n|win|stanhoff\n|raw|calciumnyl's rating: 1165 &rarr; <strong>1144</strong><br />(-21 for losing)\n|raw|stanhoff's rating: 1228 &rarr; <strong>1249</strong><br />(+21 for winning)\n|c|\u2606stanhoff|gg\n|l|\u2606calciumnyl\n|player|p1|\n", "uploadtime": 1745983413, "views": 13, "formatid": "gen9vgc2025regibo3", "rating": 1144, "private": 0, "password": null}