{"id": "gen9vgc2025regibo3-2354365784", "format": "[Gen 9] VGC 2025 Reg I (Bo3)", "players": ["nintendoswitch200", "Losandy"], "log": "|j|\u2606nintendoswitch200\n|j|\u2606Losandy\n|html|<table width=\"100%\"><tr><td align=\"left\">nintendoswitch200</td><td align=\"right\">Losandy</tr><tr><td align=\"left\"><i class=\"fa fa-circle-o\"></i> <i class=\"fa fa-circle-o\"></i> </td><td align=\"right\"><i class=\"fa fa-circle-o\"></i> <i class=\"fa fa-circle\"></i> </tr></table>\n|uhtml|bestof|<h2><strong>Game 2</strong> of <a href=\"/game-bestof3-gen9vgc2025regibo3-2354362208\">a best-of-3</a></h2>\n|t:|1746062475\n|gametype|doubles\n|player|p1|nintendoswitch200|turo|1175\n|player|p2|Losandy|102|1072\n|teamsize|p1|6\n|teamsize|p2|6\n|gen|9\n|tier|[Gen 9] VGC 2025 Reg I (Bo3)\n|rated|\n|rule|Species Clause: Limit one of each Pok\u00e9mon\n|rule|Item Clause: Limit 1 of each item\n|clearpoke\n|poke|p1|Urshifu-*, L50, M|\n|poke|p1|Incineroar, L50, F|\n|poke|p1|Calyrex-Shadow, L50|\n|poke|p1|Raging Bolt, L50|\n|poke|p1|Rillaboom, L50, F|\n|poke|p1|Zamazenta-*, L50|\n|poke|p2|Kyogre, L50|\n|poke|p2|Lugia, L50|\n|poke|p2|Chien-Pao, L50|\n|poke|p2|Tornadus, L50, M|\n|poke|p2|Iron Hands, L50|\n|poke|p2|Amoonguss, L50, F|\n|teampreview|4\n|showteam|p1|Urshifu-Rapid-Strike||FocusSash|UnseenFist|Detect,SurgingStrikes,CloseCombat,AquaJet|||M|||50|,,,,,Stellar]Incineroar||SafetyGoggles|Intimidate|FakeOut,PartingShot,HelpingHand,KnockOff|||F|||50|,,,,,Ghost]Calyrex-Shadow||CovertCloak|AsOneSpectrier|Protect,NastyPlot,AstralBarrage,Psyshock||||||50|,,,,,Water]Raging Bolt||BoosterEnergy|Protosynthesis|Protect,Thunderclap,DragonPulse,Thunderbolt||||||50|,,,,,Fairy]Rillaboom||AssaultVest|GrassySurge|FakeOut,GrassyGlide,WoodHammer,Uturn|||F|||50|,,,,,Fire]Zamazenta-Crowned||RustedShield|DauntlessShield|Protect,BodyPress,WideGuard,HeavySlam||||||50|,,,,,Dragon\n|showteam|p2|Kyogre||LifeOrb|Drizzle|WaterSpout,IceBeam,HydroPump,Protect||||||50|,,,,,Ghost]Lugia||Leftovers|Multiscale|Aeroblast,EarthPower,CalmMind,Protect||||||50|,,,,,Grass]Chien-Pao||FocusSash|SwordofRuin|IceSpinner,SuckerPunch,ThroatChop,Protect||||||50|,,,,,Ghost]Tornadus||CovertCloak|Prankster|BleakwindStorm,ScaryFace,Tailwind,Protect|||M|||50|,,,,,Water]Iron Hands||AssaultVest|QuarkDrive|DrainPunch,FakeOut,HeavySlam,WildCharge||||||50|,,,,,Fairy]Amoonguss||RockyHelmet|Regenerator|Spore,SludgeBomb,RagePowder,Protect|||F|||50|,,,,,Fairy\n|inactive|Battle timer is ON: inactive players will automatically lose when time's up. (requested by nintendoswitch200)\n|inactive|Losandy has 60 seconds left.\n|inactive|Losandy has 30 seconds left.\n|inactive|Losandy has 20 seconds left.\n|inactive|Losandy has 15 seconds left.\n|inactive|Losandy has 10 seconds left.\n|inactive|Losandy has 5 seconds left.\n|\n|t:|1746062566\n|start\n|switch|p1a: Calyrex|Calyrex-Shadow, L50|100/100\n|switch|p1b: Incineroar|Incineroar, L50, F|100/100\n|switch|p2a: Kyogre|Kyogre, L50|100/100\n|switch|p2b: Lugia|Lugia, L50|100/100\n|-ability|p1a: Calyrex|As One\n|-ability|p1a: Calyrex|Unnerve\n|-weather|RainDance|[from] ability: Drizzle|[of] p2a: Kyogre\n|-ability|p1b: Incineroar|Intimidate|boost\n|-unboost|p2a: Kyogre|atk|1\n|-unboost|p2b: Lugia|atk|1\n|turn|1\n|inactive|nintendoswitch200 has 30 seconds left.\n|inactive|Losandy has 30 seconds left.\n|inactive|Losandy has 20 seconds left.\n|inactive|Losandy has 15 seconds left.\n|inactive|Losandy has 10 seconds left.\n|inactive|Losandy has 5 seconds left.\n|\n|t:|1746062621\n|-terastallize|p1a: Calyrex|Water\n|move|p1b: Incineroar|Fake Out|p2b: Lugia\n|-damage|p2b: Lugia|98/100\n|move|p1a: Calyrex|Astral Barrage|p2a: Kyogre|[spread] p2a,p2b\n|-supereffective|p2b: Lugia\n|-damage|p2a: Kyogre|68/100\n|-damage|p2b: Lugia|38/100\n|cant|p2b: Lugia|flinch\n|move|p2a: Kyogre|Water Spout|p1b: Incineroar|[spread] p1a,p1b\n|-resisted|p1a: Calyrex\n|-supereffective|p1b: Incineroar\n|-damage|p1a: Calyrex|64/100\n|-damage|p1b: Incineroar|0 fnt\n|faint|p1b: Incineroar\n|-damage|p2a: Kyogre|58/100|[from] item: Life Orb\n|\n|-weather|RainDance|[upkeep]\n|-heal|p2b: Lugia|44/100|[from] item: Leftovers\n|upkeep\n|\n|t:|1746062640\n|switch|p1b: Rillaboom|Rillaboom, L50, F|100/100\n|-fieldstart|move: Grassy Terrain|[from] ability: Grassy Surge|[of] p1b: Rillaboom\n|turn|2\n|inactive|Losandy has 30 seconds left.\n|inactive|Losandy has 20 seconds left.\n|inactive|Losandy has 15 seconds left.\n|inactive|Losandy has 10 seconds left.\n|inactive|Losandy has 5 seconds left.\n|\n|t:|1746062695\n|move|p1b: Rillaboom|Fake Out|p2b: Lugia\n|-damage|p2b: Lugia|36/100\n|move|p1a: Calyrex|Nasty Plot|p1a: Calyrex\n|-boost|p1a: Calyrex|spa|2\n|cant|p2b: Lugia|flinch\n|move|p2a: Kyogre|Water Spout|p1a: Calyrex|[spread] p1a,p1b\n|-resisted|p1a: Calyrex\n|-resisted|p1b: Rillaboom\n|-damage|p1a: Calyrex|33/100\n|-damage|p1b: Rillaboom|82/100\n|-damage|p2a: Kyogre|49/100|[from] item: Life Orb\n|\n|-weather|RainDance|[upkeep]\n|-heal|p1a: Calyrex|39/100|[from] Grassy Terrain\n|-heal|p2b: Lugia|42/100|[from] item: Leftovers\n|-heal|p2a: Kyogre|55/100|[from] Grassy Terrain\n|-heal|p1b: Rillaboom|88/100|[from] Grassy Terrain\n|upkeep\n|turn|3\n|inactive|Losandy has 30 seconds left.\n|inactive|Losandy has 20 seconds left.\n|inactive|Losandy has 15 seconds left.\n|inactive|Losandy has 10 seconds left.\n|inactive|Losandy has 5 seconds left.\n|\n|t:|1746062750\n|switch|p1b: Urshifu|Urshifu-Rapid-Strike, L50, M|100/100\n|move|p1a: Calyrex|Astral Barrage|p2a: Kyogre|[spread] p2a,p2b\n|-crit|p2a: Kyogre\n|-supereffective|p2b: Lugia\n|-damage|p2a: Kyogre|0 fnt\n|-damage|p2b: Lugia|0 fnt\n|faint|p2a: Kyogre\n|faint|p2b: Lugia\n|-ability|p1a: Calyrex|Grim Neigh|boost\n|-boost|p1a: Calyrex|spa|2\n|\n|-weather|RainDance|[upkeep]\n|-heal|p1a: Calyrex|45/100|[from] Grassy Terrain\n|upkeep\n|inactive|Losandy has 30 seconds left.\n|inactive|Losandy has 20 seconds left.\n|inactive|Losandy has 15 seconds left.\n|inactive|Losandy has 10 seconds left.\n|inactive|Losandy has 5 seconds left.\n|\n|t:|1746062805\n|switch|p2b: Tornadus|Tornadus, L50, M|100/100\n|switch|p2a: Chien-Pao|Chien-Pao, L50|100/100\n|-ability|p2a: Chien-Pao|Sword of Ruin\n|turn|4\n|inactive|nintendoswitch200 has 30 seconds left.\n|inactive|Losandy has 30 seconds left.\n|inactive|Losandy has 20 seconds left.\n|inactive|Losandy has 15 seconds left.\n|inactive|Losandy has 10 seconds left.\n|inactive|Losandy has 5 seconds left.\n|\n|t:|1746062860\n|switch|p1b: Rillaboom|Rillaboom, L50, F|88/100\n|move|p1a: Calyrex|Protect|p1a: Calyrex\n|-singleturn|p1a: Calyrex|Protect\n|move|p2a: Chien-Pao|Ice Spinner|p1a: Calyrex\n|-activate|p1a: Calyrex|move: Protect\n|move|p2b: Tornadus|Bleakwind Storm|p1a: Calyrex|[spread] p1b\n|-activate|p1a: Calyrex|move: Protect\n|-supereffective|p1b: Rillaboom\n|-damage|p1b: Rillaboom|37/100\n|-unboost|p1b: Rillaboom|spe|1\n|\n|-weather|RainDance|[upkeep]\n|-heal|p1a: Calyrex|51/100|[from] Grassy Terrain\n|-heal|p1b: Rillaboom|43/100|[from] Grassy Terrain\n|upkeep\n|turn|5\n|inactive|nintendoswitch200 has 30 seconds left.\n|inactive|Losandy has 30 seconds left.\n|inactive|nintendoswitch200 has 20 seconds left.\n|inactive|Losandy has 20 seconds left.\n|inactive|Losandy has 15 seconds left.\n|inactive|Losandy has 10 seconds left.\n|inactive|Losandy has 5 seconds left.\n|\n|t:|1746062915\n|move|p1b: Rillaboom|Fake Out|p2a: Chien-Pao\n|-damage|p2a: Chien-Pao|84/100\n|move|p1a: Calyrex|Astral Barrage|p2b: Tornadus|[spread] p2a,p2b\n|-resisted|p2a: Chien-Pao\n|-damage|p2a: Chien-Pao|0 fnt\n|-damage|p2b: Tornadus|0 fnt\n|faint|p2a: Chien-Pao\n|faint|p2b: Tornadus\n|\n|win|nintendoswitch200\n||nintendoswitch200 is ready for game 3.\n|inactive|Losandy has 30 seconds to confirm battle start!\n|inactive|Losandy has 20 seconds to confirm battle start!\n|inactive|Losandy has 10 seconds to confirm battle start!\n|uhtml|next|Next: <a href=\"/battle-gen9vgc2025regibo3-2354369794\"><strong>Game 3 of 3</strong></a>\n", "uploadtime": 1746062923, "views": 13, "formatid": "gen9vgc2025regibo3", "rating": null, "private": 0, "password": null}