{"id": "gen9vgc2025regibo3-2355003849", "format": "[Gen 9] VGC 2025 Reg I (Bo3)", "players": ["ihatedormvid", "limjim123"], "log": "|j|\u2606ihatedormvid\n|j|\u2606limjim123\n|html|<table width=\"100%\"><tr><td align=\"left\">ihatedormvid</td><td align=\"right\">limjim123</tr><tr><td align=\"left\"><i class=\"fa fa-circle\"></i> <i class=\"fa fa-circle-o\"></i> </td><td align=\"right\"><i class=\"fa fa-circle-o\"></i> <i class=\"fa fa-circle-o\"></i> </tr></table>\n|uhtml|bestof|<h2><strong>Game 2</strong> of <a href=\"/game-bestof3-gen9vgc2025regibo3-2355000924\">a best-of-3</a></h2>\n|t:|1746140925\n|gametype|doubles\n|player|p1|ihatedormvid|caitlin|1052\n|player|p2|limjim123|hiker-gen4|1082\n|teamsize|p1|6\n|teamsize|p2|6\n|gen|9\n|tier|[Gen 9] VGC 2025 Reg I (Bo3)\n|rated|\n|rule|Species Clause: Limit one of each Pok\u00e9mon\n|rule|Item Clause: Limit 1 of each item\n|clearpoke\n|poke|p1|Landorus, L50, M|\n|poke|p1|Rayquaza, L50|\n|poke|p1|Incineroar, L50, F|\n|poke|p1|Zamazenta-*, L50|\n|poke|p1|Rillaboom, L50, F|\n|poke|p1|Chien-Pao, L50|\n|poke|p2|Zamazenta-*, L50|\n|poke|p2|Koraidon, L50|\n|poke|p2|Chien-Pao, L50|\n|poke|p2|Amoonguss, L50, F|\n|poke|p2|Flutter Mane, L50|\n|poke|p2|Raging Bolt, L50|\n|teampreview|4\n|showteam|p1|Landorus||LifeOrb|SheerForce|EarthPower,Psychic,SludgeBomb,Protect|||M|||50|,,,,,Water]Rayquaza||ClearAmulet|AirLock|DragonAscent,ExtremeSpeed,SwordsDance,Protect||||||50|,,,,,Normal]Incineroar||SafetyGoggles|Intimidate|FakeOut,KnockOff,WillOWisp,PartingShot|||F|||50|,,,,,Ghost]Zamazenta-Crowned||RustedShield|DauntlessShield|BodyPress,HeavySlam,Protect,WideGuard||||||50|,,,,,Dragon]Rillaboom||AssaultVest|GrassySurge|WoodHammer,GrassyGlide,Uturn,FakeOut|||F|||50|,,,,,Fire]Chien-Pao||FocusSash|SwordofRuin|IcicleCrash,ThroatChop,SuckerPunch,Protect||||||50|,,,,,Ghost\n|showteam|p2|Zamazenta-Crowned||RustedShield|DauntlessShield|BodyPress,Imprison,Protect,WideGuard||||||50|,,,,,Dragon]Koraidon||ClearAmulet|OrichalcumPulse|CloseCombat,FlareBlitz,Protect,FlameCharge||||||50|,,,,,Fire]Chien-Pao||FocusSash|SwordofRuin|IceSpinner,Crunch,Protect,SuckerPunch||||||50|,,,,,Ghost]Amoonguss||RockyHelmet|Regenerator|PollenPuff,Spore,Protect,RagePowder|||F|||50|,,,,,Water]Flutter Mane||ChoiceSpecs|Protosynthesis|Moonblast,ShadowBall,DazzlingGleam,IcyWind||||||50|,,,,,Normal]Raging Bolt||AssaultVest|Protosynthesis|Thunderbolt,DracoMeteor,Thunderclap,Electroweb||||||50|,,,,,Water\n|\n|t:|1746140970\n|start\n|switch|p1a: Rayquaza|Rayquaza, L50|100/100\n|switch|p1b: Zamazenta|Zamazenta-Crowned, L50|100/100\n|switch|p2a: Zamazenta|Zamazenta-Crowned, L50|100/100\n|switch|p2b: Flutter Mane|Flutter Mane, L50|100/100\n|-ability|p2a: Zamazenta|Dauntless Shield|boost\n|-boost|p2a: Zamazenta|def|1\n|-ability|p1b: Zamazenta|Dauntless Shield|boost\n|-boost|p1b: Zamazenta|def|1\n|-ability|p1a: Rayquaza|Air Lock\n|turn|1\n|inactive|Battle timer is ON: inactive players will automatically lose when time's up. (requested by ihatedormvid)\n|\n|t:|1746140996\n|move|p1a: Rayquaza|Protect|p1a: Rayquaza\n|-singleturn|p1a: Rayquaza|Protect\n|move|p2b: Flutter Mane|Dazzling Gleam|p1b: Zamazenta|[spread] p1b\n|-activate|p1a: Rayquaza|move: Protect\n|-damage|p1b: Zamazenta|65/100\n|move|p2a: Zamazenta|Body Press|p1b: Zamazenta\n|-supereffective|p1b: Zamazenta\n|-damage|p1b: Zamazenta|21/100\n|move|p1b: Zamazenta|Heavy Slam|p2b: Flutter Mane\n|-supereffective|p2b: Flutter Mane\n|-damage|p2b: Flutter Mane|0 fnt\n|faint|p2b: Flutter Mane\n|-end|p2b: Flutter Mane|Protosynthesis|[silent]\n|\n|upkeep\n|\n|t:|1746141011\n|switch|p2b: Koraidon|Koraidon, L50|100/100\n|-weather|SunnyDay|[from] ability: Orichalcum Pulse|[of] p2b: Koraidon\n|-activate|p2b: Koraidon|Orichalcum Pulse|[source]\n|turn|2\n|inactive|ihatedormvid has 30 seconds left.\n|inactive|limjim123 has 30 seconds left.\n|inactive|ihatedormvid has 20 seconds left.\n|inactive|limjim123 has 20 seconds left.\n|inactive|ihatedormvid has 15 seconds left.\n|inactive|limjim123 has 15 seconds left.\n|inactive|ihatedormvid has 10 seconds left.\n|inactive|limjim123 has 10 seconds left.\n|inactive|limjim123 has 5 seconds left.\n|\n|t:|1746141063\n|switch|p1b: Landorus|Landorus, L50, M|100/100\n|move|p2b: Koraidon|Flare Blitz|p1a: Rayquaza\n|-resisted|p1a: Rayquaza\n|-damage|p1a: Rayquaza|78/100\n|-damage|p2b: Koraidon|92/100|[from] Recoil\n|move|p2a: Zamazenta|Body Press|p1b: Landorus\n|-resisted|p1b: Landorus\n|-damage|p1b: Landorus|66/100\n|move|p1a: Rayquaza|Dragon Ascent|p2b: Koraidon\n|-supereffective|p2b: Koraidon\n|-damage|p2b: Koraidon|0 fnt\n|-unboost|p1a: Rayquaza|def|1\n|-unboost|p1a: Rayquaza|spd|1\n|faint|p2b: Koraidon\n|\n|-weather|SunnyDay|[upkeep]\n|upkeep\n|\n|t:|1746141071\n|switch|p2b: Chien-Pao|Chien-Pao, L50|100/100\n|-ability|p2b: Chien-Pao|Sword of Ruin\n|turn|3\n|\n|t:|1746141096\n|move|p1b: Landorus|Protect|p1b: Landorus\n|-singleturn|p1b: Landorus|Protect\n|move|p2b: Chien-Pao|Sucker Punch|p1a: Rayquaza\n|-damage|p1a: Rayquaza|19/100\n|move|p2a: Zamazenta|Body Press|p1a: Rayquaza\n|-resisted|p1a: Rayquaza\n|-damage|p1a: Rayquaza|0 fnt\n|faint|p1a: Rayquaza\n|\n|-weather|SunnyDay|[upkeep]\n|upkeep\n|\n|t:|1746141102\n|switch|p1a: Incineroar|Incineroar, L50, F|100/100\n|-ability|p1a: Incineroar|Intimidate|boost\n|-unboost|p2a: Zamazenta|atk|1\n|-unboost|p2b: Chien-Pao|atk|1\n|turn|4\n|\n|t:|1746141124\n|switch|p1b: Zamazenta|Zamazenta-Crowned, L50|21/100\n|-terastallize|p1a: Incineroar|Ghost\n|move|p2b: Chien-Pao|Protect|p2b: Chien-Pao\n|-singleturn|p2b: Chien-Pao|Protect\n|move|p2a: Zamazenta|Protect|p2a: Zamazenta\n|-singleturn|p2a: Zamazenta|Protect\n|move|p1a: Incineroar|Knock Off|p2b: Chien-Pao\n|-activate|p2b: Chien-Pao|move: Protect\n|\n|-weather|SunnyDay|[upkeep]\n|upkeep\n|turn|5\n|inactive|limjim123 has 30 seconds left.\n|inactive|limjim123 has 20 seconds left.\n|\n|t:|1746141161\n|-terastallize|p2b: Chien-Pao|Ghost\n|move|p2b: Chien-Pao|Crunch|p1a: Incineroar\n|-supereffective|p1a: Incineroar\n|-damage|p1a: Incineroar|41/100\n|move|p2a: Zamazenta|Body Press|p1b: Zamazenta\n|-supereffective|p1b: Zamazenta\n|-damage|p1b: Zamazenta|0 fnt\n|faint|p1b: Zamazenta\n|move|p1a: Incineroar|Will-O-Wisp|p2b: Chien-Pao\n|-status|p2b: Chien-Pao|brn\n|\n|-weather|SunnyDay|[upkeep]\n|-damage|p2b: Chien-Pao|95/100 brn|[from] brn\n|upkeep\n|\n|t:|1746141178\n|switch|p1b: Landorus|Landorus, L50, M|66/100\n|turn|6\n|inactive|limjim123 has 30 seconds left.\n|\n|t:|1746141207\n|move|p2b: Chien-Pao|Crunch|p1a: Incineroar\n|-supereffective|p1a: Incineroar\n|-damage|p1a: Incineroar|11/100\n|move|p2a: Zamazenta|Body Press|p1b: Landorus\n|-resisted|p1b: Landorus\n|-damage|p1b: Landorus|15/100\n|move|p1b: Landorus|Earth Power|p2b: Chien-Pao\n|-damage|p2b: Chien-Pao|0 fnt\n|faint|p2b: Chien-Pao\n|move|p1a: Incineroar|Knock Off|p2a: Zamazenta\n|-resisted|p2a: Zamazenta\n|-crit|p2a: Zamazenta\n|-damage|p2a: Zamazenta|89/100\n|\n|-weather|none\n|upkeep\n|turn|7\n|-message|limjim123 forfeited.\n|\n|win|ihatedormvid\n|raw|ihatedormvid's rating: 1052 &rarr; <strong>1087</strong><br />(+35 for winning)\n|raw|limjim123's rating: 1082 &rarr; <strong>1058</strong><br />(-24 for losing)\n|l|\u2606limjim123\n|player|p2|\n", "uploadtime": 1746141290, "views": 8, "formatid": "gen9vgc2025regibo3", "rating": 1058, "private": 0, "password": null}