{"id": "gen9vgc2025regibo3-2353468326", "format": "[Gen 9] VGC 2025 Reg I (Bo3)", "players": ["TheRedFriend", "large_legume"], "log": "|j|\u2606TheRedFriend\n|j|\u2606large_legume\n|html|<table width=\"100%\"><tr><td align=\"left\">TheRedFriend</td><td align=\"right\">large_legume</tr><tr><td align=\"left\"><i class=\"fa fa-circle-o\"></i> <i class=\"fa fa-circle-o\"></i> </td><td align=\"right\"><i class=\"fa fa-circle-o\"></i> <i class=\"fa fa-circle-o\"></i> </tr></table>\n|uhtml|bestof|<h2><strong>Game 1</strong> of <a href=\"/game-bestof3-gen9vgc2025regibo3-2353468325\">a best-of-3</a></h2>\n|t:|1745958707\n|gametype|doubles\n|player|p1|TheRedFriend|red|1042\n|player|p2|large_legume|hiker-gen4|1141\n|teamsize|p1|6\n|teamsize|p2|6\n|gen|9\n|tier|[Gen 9] VGC 2025 Reg I (Bo3)\n|rated|\n|rule|Species Clause: Limit one of each Pok\u00e9mon\n|rule|Item Clause: Limit 1 of each item\n|clearpoke\n|poke|p1|Pikachu, L50, M|\n|poke|p1|Blastoise, L50, M|\n|poke|p1|Charizard, L50, M|\n|poke|p1|Venusaur, L50, M|\n|poke|p1|Snorlax, L50, M|\n|poke|p1|Espeon, L50, F|\n|poke|p2|Rillaboom, L50, F|\n|poke|p2|Urshifu-*, L50, F|\n|poke|p2|Tornadus, L50, M|\n|poke|p2|Chien-Pao, L50|\n|poke|p2|Calyrex-Shadow, L50|\n|poke|p2|Zamazenta-*, L50|\n|teampreview|4\n|showteam|p1|Pikachu||LightBall|LightningRod|FakeOut,Thunder,Protect,Nuzzle|||M|||50|,,,,,Flying]Blastoise||Leftovers|RainDish|FakeOut,IcyWind,Protect,RainDance|||M|||50|,,,,,Ghost]Charizard||ChoiceScarf|SolarPower|HeatWave,Hurricane,TeraBlast,ScorchingSands|||M|||50|,,,,,Grass]Venusaur||CovertCloak|Chlorophyll|SleepPowder,Protect,GigaDrain,WeatherBall|||M|||50|,,,,,Grass]Snorlax||SitrusBerry|Gluttony|BellyDrum,Trailblaze,DoubleEdge,Earthquake|||M|||50|,,,,,Normal]Espeon||FocusSash|MagicBounce|SunnyDay,RainDance,Psychic,Protect|||F|||50|,,,,,Normal\n|showteam|p2|Rillaboom||AssaultVest|GrassySurge|GrassyGlide,Uturn,FakeOut,WoodHammer|||F|||50|,,,,,Water]Urshifu-Rapid-Strike||MysticWater|UnseenFist|Detect,SurgingStrikes,CloseCombat,Taunt|||F|||50|,,,,,Water]Tornadus||CovertCloak|Prankster|Taunt,Tailwind,BleakwindStorm,RainDance|||M|||50|,,,,,Dark]Chien-Pao||FocusSash|SwordofRuin|IcicleCrash,SuckerPunch,SacredSword,Protect||||||50|,,,,,Ghost]Calyrex-Shadow||LifeOrb|AsOneSpectrier|AstralBarrage,Protect,Psyshock,DarkPulse||||||50|,,,,,Dark]Zamazenta-Crowned||RustedShield|DauntlessShield|WideGuard,Protect,BodyPress,behemothbash||||||50|,,,,,Dragon\n|inactive|Battle timer is ON: inactive players will automatically lose when time's up. (requested by TheRedFriend)\n|\n|t:|1745958766\n|start\n|switch|p1a: Espeon|Espeon, L50, F|100/100\n|switch|p1b: Venusaur|Venusaur, L50, M|100/100\n|switch|p2a: Tornadus|Tornadus, L50, M|100/100\n|switch|p2b: Urshifu|Urshifu-Rapid-Strike, L50, F|100/100\n|turn|1\n|inactive|TheRedFriend has 30 seconds left.\n|inactive|TheRedFriend has 20 seconds left.\n|\n|t:|1745958803\n|-terastallize|p1b: Venusaur|Grass\n|move|p1a: Espeon|Protect|p1a: Espeon\n|-singleturn|p1a: Espeon|Protect\n|move|p2a: Tornadus|Tailwind|p2a: Tornadus\n|-sidestart|p2: large_legume|move: Tailwind\n|move|p2b: Urshifu|Surging Strikes|p1a: Espeon\n|-crit|p1a: Espeon\n|-damage|p1a: Espeon|55/100\n|-crit|p1a: Espeon\n|-damage|p1a: Espeon|8/100\n|-crit|p1a: Espeon\n|-damage|p1a: Espeon|0 fnt\n|faint|p1a: Espeon\n|-hitcount|p1: Espeon|3\n|move|p1b: Venusaur|Giga Drain|p2b: Urshifu\n|-supereffective|p2b: Urshifu\n|-damage|p2b: Urshifu|0 fnt\n|faint|p2b: Urshifu\n|\n|upkeep\n|\n|t:|1745958826\n|switch|p1a: Charizard|Charizard, L50, M|100/100\n|switch|p2b: Calyrex|Calyrex-Shadow, L50|100/100\n|-ability|p2b: Calyrex|As One\n|-ability|p2b: Calyrex|Unnerve\n|turn|2\n|inactive|TheRedFriend has 30 seconds left.\n|inactive|TheRedFriend has 20 seconds left.\n|\n|t:|1745958865\n|move|p2b: Calyrex|Astral Barrage|p1b: Venusaur|[spread] p1a,p1b\n|-damage|p1a: Charizard|24/100\n|-damage|p1b: Venusaur|40/100\n|-damage|p2b: Calyrex|91/100|[from] item: Life Orb\n|move|p2a: Tornadus|Bleakwind Storm|p1b: Venusaur|[spread] p1b\n|-miss|p2a: Tornadus|p1a: Charizard\n|-supereffective|p1b: Venusaur\n|-damage|p1b: Venusaur|0 fnt\n|faint|p1b: Venusaur\n|move|p1a: Charizard|Heat Wave|p2b: Calyrex|[spread] p2a,p2b\n|-damage|p2a: Tornadus|69/100\n|-damage|p2b: Calyrex|60/100\n|\n|upkeep\n|\n|t:|1745958878\n|switch|p1b: Snorlax|Snorlax, L50, M|100/100\n|turn|3\n|\n|t:|1745958896\n|move|p2b: Calyrex|Psyshock|p1b: Snorlax\n|-damage|p1b: Snorlax|42/100\n|-damage|p2b: Calyrex|51/100|[from] item: Life Orb\n|move|p2a: Tornadus|Bleakwind Storm|p1b: Snorlax|[spread] p1a,p1b\n|-damage|p1a: Charizard|0 fnt\n|-damage|p1b: Snorlax|24/100\n|faint|p1a: Charizard\n|move|p1b: Snorlax|Double-Edge|p2a: Tornadus\n|-damage|p2a: Tornadus|10/100\n|-damage|p1b: Snorlax|11/100|[from] Recoil\n|\n|upkeep\n|turn|4\n|-message|TheRedFriend forfeited.\n|\n|win|large_legume\n|l|\u2606TheRedFriend\n|player|p1|\n||large_legume is ready for game 2.\n||TheRedFriend is ready for game 2.\n|uhtml|next|Next: <a href=\"/battle-gen9vgc2025regibo3-2353470522\"><strong>Game 2 of 3</strong></a>\n|l|\u2606large_legume\n|player|p2|\n", "uploadtime": 1745959234, "views": 6, "formatid": "gen9vgc2025regibo3", "rating": null, "private": 0, "password": null}