{"id": "gen9vgc2025regibo3-2354393545", "format": "[Gen 9] VGC 2025 Reg I (Bo3)", "players": ["blackstorm games", "The Final Don"], "log": "|j|\u2606blackstorm games\n|j|\u2606The Final Don\n|html|<table width=\"100%\"><tr><td align=\"left\">blackstorm games</td><td align=\"right\">The Final Don</tr><tr><td align=\"left\"><i class=\"fa fa-circle-o\"></i> <i class=\"fa fa-circle-o\"></i> </td><td align=\"right\"><i class=\"fa fa-circle-o\"></i> <i class=\"fa fa-circle\"></i> </tr></table>\n|uhtml|bestof|<h2><strong>Game 2</strong> of <a href=\"/game-bestof3-gen9vgc2025regibo3-2354392230\">a best-of-3</a></h2>\n|t:|1746065874\n|gametype|doubles\n|player|p1|blackstorm games|1|1251\n|player|p2|The Final Don|miku-fairy|1230\n|teamsize|p1|6\n|teamsize|p2|6\n|gen|9\n|tier|[Gen 9] VGC 2025 Reg I (Bo3)\n|rated|\n|rule|Species Clause: Limit one of each Pok\u00e9mon\n|rule|Item Clause: Limit 1 of each item\n|clearpoke\n|poke|p1|Miraidon, L50|\n|poke|p1|Farigiraf, L50, F|\n|poke|p1|Ogerpon-Hearthflame, L50, F|\n|poke|p1|Iron Hands, L50|\n|poke|p1|Landorus, L50, M|\n|poke|p1|Calyrex-Ice, L50|\n|poke|p2|Groudon, L50|\n|poke|p2|Zacian-*, L50|\n|poke|p2|Chien-Pao, L50|\n|poke|p2|Entei, L50|\n|poke|p2|Raging Bolt, L50|\n|poke|p2|Walking Wake, L50|\n|teampreview|4\n|showteam|p1|Miraidon||ChoiceSpecs|HadronEngine|ElectroDrift,DazzlingGleam,DracoMeteor,VoltSwitch||||||50|,,,,,Fairy]Farigiraf||ElectricSeed|ArmorTail|PsychicNoise,FoulPlay,TrickRoom,HelpingHand|||F|||50|,,,,,Water]Ogerpon-Hearthflame||HearthflameMask|MoldBreaker|IvyCudgel,HornLeech,FollowMe,SpikyShield|||F|||50|,,,,,Fire]Iron Hands||AssaultVest|QuarkDrive|DrainPunch,WildCharge,LowKick,FakeOut||||||50|,,,,,Bug]Landorus||LifeOrb|SheerForce|EarthPower,SludgeBomb,SandsearStorm,Protect|||M|||50|,,,,,Water]Calyrex-Ice||ClearAmulet|AsOneGlastrier|GlacialLance,TrickRoom,Imprison,Protect||||||50|,,,,,Water\n|showteam|p2|Groudon||ClearAmulet|Drought|PrecipiceBlades,HighHorsepower,HeatCrash,Protect||||||50|,,,,,Fire]Zacian-Crowned||RustedSword|IntrepidSword|behemothblade,PlayRough,SacredSword,Protect||||||50|,,,,,Fairy]Chien-Pao||FocusSash|SwordofRuin|SuckerPunch,ThroatChop,IceSpinner,Protect||||||50|,,,,,Ghost]Entei||ChoiceBand|InnerFocus|ExtremeSpeed,SacredFire,FlareBlitz,StoneEdge||||||50|,,,,,Normal]Raging Bolt||AssaultVest|Protosynthesis|Thunderclap,Thunderbolt,DracoMeteor,Electroweb||||||50|,,,,,Bug]Walking Wake||LifeOrb|Protosynthesis|HydroSteam,DragonPulse,Snarl,Protect||||||50|,,,,,Ghost\n|inactive|Battle timer is ON: inactive players will automatically lose when time's up. (requested by The Final Don)\n|\n|t:|1746065896\n|start\n|switch|p1a: Calyrex|Calyrex-Ice, L50|100/100\n|switch|p1b: Ogerpon|Ogerpon-Hearthflame, L50, F|100/100\n|switch|p2a: Chien-Pao|Chien-Pao, L50|100/100\n|switch|p2b: Entei|Entei, L50|100/100\n|-ability|p1a: Calyrex|As One\n|-ability|p1a: Calyrex|Unnerve\n|-ability|p2a: Chien-Pao|Sword of Ruin\n|-ability|p1b: Ogerpon|Mold Breaker\n|turn|1\n|inactive|blackstorm games has 30 seconds left.\n|\n|t:|1746065922\n|-terastallize|p1b: Ogerpon|Fire\n|detailschange|p1b: Ogerpon|Ogerpon-Hearthflame-Tera, L50, F, tera:Fire\n|-ability|p1b: Ogerpon|Embody Aspect (Hearthflame)|boost\n|-boost|p1b: Ogerpon|atk|1\n|move|p2a: Chien-Pao|Throat Chop|p1a: Calyrex\n|-supereffective|p1a: Calyrex\n|-damage|p1a: Calyrex|30/100\n|-start|p1a: Calyrex|Throat Chop|[silent]\n|move|p1b: Ogerpon|Ivy Cudgel|p2a: Chien-Pao|[anim] Ivy Cudgel Fire\n|-supereffective|p2a: Chien-Pao\n|-crit|p2a: Chien-Pao\n|-enditem|p2a: Chien-Pao|Focus Sash\n|-damage|p2a: Chien-Pao|1/100\n|move|p2b: Entei|Sacred Fire|p1a: Calyrex\n|-supereffective|p1a: Calyrex\n|-damage|p1a: Calyrex|0 fnt\n|faint|p1a: Calyrex\n|\n|upkeep\n|\n|t:|1746065936\n|switch|p1a: Landorus|Landorus, L50, M|100/100\n|turn|2\n|inactive|The Final Don has 30 seconds left.\n|\n|t:|1746065965\n|switch|p2b: Raging Bolt|Raging Bolt, L50|100/100\n|move|p1a: Landorus|Protect|p1a: Landorus\n|-singleturn|p1a: Landorus|Protect\n|move|p2a: Chien-Pao|Ice Spinner|p1a: Landorus\n|-activate|p1a: Landorus|move: Protect\n|move|p1b: Ogerpon|Ivy Cudgel|p2a: Chien-Pao|[anim] Ivy Cudgel Fire\n|-supereffective|p2a: Chien-Pao\n|-damage|p2a: Chien-Pao|0 fnt\n|faint|p2a: Chien-Pao\n|\n|upkeep\n|\n|t:|1746065975\n|switch|p2a: Zacian|Zacian-Crowned, L50|100/100\n|-ability|p2a: Zacian|Intrepid Sword|boost\n|-boost|p2a: Zacian|atk|1\n|turn|3\n|\n|t:|1746065983\n|-terastallize|p2a: Zacian|Fairy\n|move|p1b: Ogerpon|Follow Me|p1b: Ogerpon\n|-singleturn|p1b: Ogerpon|move: Follow Me\n|move|p2a: Zacian|Play Rough|p1b: Ogerpon\n|-resisted|p1b: Ogerpon\n|-damage|p1b: Ogerpon|57/100\n|move|p1a: Landorus|Sandsear Storm|p2b: Raging Bolt|[spread] p2a,p2b\n|-supereffective|p2b: Raging Bolt\n|-damage|p2a: Zacian|45/100\n|-damage|p2b: Raging Bolt|33/100\n|move|p2b: Raging Bolt|Thunderbolt|p1b: Ogerpon\n|-damage|p1b: Ogerpon|10/100\n|\n|upkeep\n|turn|4\n|\n|t:|1746065999\n|move|p2a: Zacian|Protect|p2a: Zacian\n|-singleturn|p2a: Zacian|Protect\n|move|p1b: Ogerpon|Follow Me|p1b: Ogerpon\n|-singleturn|p1b: Ogerpon|move: Follow Me\n|move|p1a: Landorus|Sandsear Storm|p2a: Zacian|[spread] p2b\n|-activate|p2a: Zacian|move: Protect\n|-supereffective|p2b: Raging Bolt\n|-damage|p2b: Raging Bolt|0 fnt\n|faint|p2b: Raging Bolt\n|-end|p2b: Raging Bolt|Protosynthesis|[silent]\n|\n|upkeep\n|\n|t:|1746066002\n|switch|p2b: Entei|Entei, L50|100/100\n|turn|5\n|\n|t:|1746066012\n|move|p1b: Ogerpon|Follow Me|p1b: Ogerpon\n|-singleturn|p1b: Ogerpon|move: Follow Me\n|move|p2b: Entei|Extreme Speed|p1b: Ogerpon\n|-damage|p1b: Ogerpon|0 fnt\n|faint|p1b: Ogerpon\n|move|p2a: Zacian|Play Rough|p1a: Landorus\n|-damage|p1a: Landorus|0 fnt\n|faint|p1a: Landorus\n|\n|upkeep\n|\n|t:|1746066022\n|switch|p1a: Miraidon|Miraidon, L50|100/100\n|-fieldstart|move: Electric Terrain|[from] ability: Hadron Engine|[of] p1a: Miraidon\n|turn|6\n|-message|blackstorm games forfeited.\n|\n|win|The Final Don\n|raw|blackstorm games's rating: 1251 &rarr; <strong>1224</strong><br />(-27 for losing)\n|raw|The Final Don's rating: 1230 &rarr; <strong>1257</strong><br />(+27 for winning)\n", "uploadtime": 1746066031, "views": 11, "formatid": "gen9vgc2025regibo3", "rating": 1224, "private": 0, "password": null}