{"id": "gen9vgc2025regibo3-2353702116", "format": "[Gen 9] VGC 2025 Reg I (Bo3)", "players": ["Fish1111", "blitzdragon0908"], "log": "|j|\u2606Fish1111\n|j|\u2606blitzdragon0908\n|html|<table width=\"100%\"><tr><td align=\"left\">Fish1111</td><td align=\"right\">blitzdragon0908</tr><tr><td align=\"left\"><i class=\"fa fa-circle\"></i> <i class=\"fa fa-circle-o\"></i> </td><td align=\"right\"><i class=\"fa fa-circle-o\"></i> <i class=\"fa fa-circle\"></i> </tr></table>\n|uhtml|bestof|<h2><strong>Game 3</strong> of <a href=\"/game-bestof3-gen9vgc2025regibo3-2353698464\">a best-of-3</a></h2>\n|t:|1745985690\n|gametype|doubles\n|player|p1|Fish1111|266|1116\n|player|p2|blitzdragon0908|ghetsis|1019\n|teamsize|p1|6\n|teamsize|p2|6\n|gen|9\n|tier|[Gen 9] VGC 2025 Reg I (Bo3)\n|rated|\n|rule|Species Clause: Limit one of each Pok\u00e9mon\n|rule|Item Clause: Limit 1 of each item\n|clearpoke\n|poke|p1|Zamazenta-*, L50|\n|poke|p1|Chien-Pao, L50|\n|poke|p1|Raichu, L50, F|\n|poke|p1|Incineroar, L50, F|\n|poke|p1|Kyogre, L50|\n|poke|p1|Tornadus, L50, M|\n|poke|p2|Lunala, L50|\n|poke|p2|Kyogre, L50|\n|poke|p2|Tornadus, L50, M|\n|poke|p2|Incineroar, L50, M|\n|poke|p2|Amoonguss, L50, F|\n|poke|p2|Iron Hands, L50|\n|teampreview|4\n|showteam|p1|Zamazenta-Crowned||RustedShield|DauntlessShield|HeavySlam,BodyPress,Protect,WideGuard||||||50|,,,,,Dragon]Chien-Pao||FocusSash|SwordofRuin|IceSpinner,ThroatChop,SuckerPunch,Protect||||||50|,,,,,Ghost]Raichu||AssaultVest|LightningRod|FakeOut,VoltSwitch,Endeavor,Nuzzle|||F|||50|,,,,,Fairy]Incineroar||RockyHelmet|Intimidate|FakeOut,PartingShot,KnockOff,WillOWisp|||F|||50|,,,,,Ghost]Kyogre||MysticWater|Drizzle|WaterSpout,HydroPump,IceBeam,Protect||||||50|,,,,,Water]Tornadus||CovertCloak|Prankster|Tailwind,BleakwindStorm,Taunt,RainDance|||M|||50|,,,,,Dark\n|showteam|p2|Lunala||PowerHerb|ShadowShield|MoongeistBeam,MeteorBeam,TrickRoom,Protect||||||50|,,,,,Fairy]Kyogre||MysticWater|Drizzle|WaterSpout,Thunder,IceBeam,Protect||||||50|,,,,,Electric]Tornadus||CovertCloak|Prankster|Tailwind,Taunt,BleakwindStorm,Protect|||M|||50|,,,,,Steel]Incineroar||SafetyGoggles|Intimidate|FakeOut,PartingShot,FlareBlitz,Snarl|||M|||50|,,,,,Grass]Amoonguss||RockyHelmet|Regenerator|Spore,RagePowder,PollenPuff,Protect|||F|||50|,,,,,Dark]Iron Hands||AssaultVest|QuarkDrive|FakeOut,DrainPunch,WildCharge,HeavySlam||||||50|,,,,,Water\n|\n|t:|1745985726\n|start\n|switch|p1a: Kyogre|Kyogre, L50|100/100\n|switch|p1b: Tornadus|Tornadus, L50, M|100/100\n|switch|p2a: Lunala|Lunala, L50|100/100\n|switch|p2b: Amoonguss|Amoonguss, L50, F|100/100\n|-weather|RainDance|[from] ability: Drizzle|[of] p1a: Kyogre\n|turn|1\n|inactive|Battle timer is ON: inactive players will automatically lose when time's up. (requested by blitzdragon0908)\n|\n|t:|1745985753\n|-terastallize|p2b: Amoonguss|Dark\n|move|p2b: Amoonguss|Rage Powder|p2b: Amoonguss\n|-singleturn|p2b: Amoonguss|move: Rage Powder\n|move|p1a: Kyogre|Water Spout|p2a: Lunala|[spread] p2a,p2b\n|-damage|p2a: Lunala|61/100\n|-damage|p2b: Amoonguss|10/100\n|move|p1b: Tornadus|Bleakwind Storm|p2b: Amoonguss|[spread] p2a,p2b\n|-damage|p2a: Lunala|38/100\n|-damage|p2b: Amoonguss|0 fnt\n|-unboost|p2a: Lunala|spe|1\n|faint|p2b: Amoonguss\n|move|p2a: Lunala|Trick Room|p2a: Lunala\n|-fieldstart|move: Trick Room|[of] p2a: Lunala\n|\n|-weather|RainDance|[upkeep]\n|upkeep\n|\n|t:|1745985767\n|switch|p2b: Iron Hands|Iron Hands, L50|100/100\n|turn|2\n|\n|t:|1745985780\n|move|p2b: Iron Hands|Wild Charge|p1a: Kyogre\n|-supereffective|p1a: Kyogre\n|-damage|p1a: Kyogre|0 fnt\n|faint|p1a: Kyogre\n|-damage|p2b: Iron Hands|82/100|[from] Recoil\n|move|p2a: Lunala|Meteor Beam||[still]\n|-prepare|p2a: Lunala|Meteor Beam\n|-boost|p2a: Lunala|spa|1\n|-enditem|p2a: Lunala|Power Herb\n|-anim|p2a: Lunala|Meteor Beam|p1b: Tornadus\n|-supereffective|p1b: Tornadus\n|-damage|p1b: Tornadus|0 fnt\n|faint|p1b: Tornadus\n|\n|-weather|RainDance|[upkeep]\n|upkeep\n|\n|t:|1745985793\n|switch|p1b: Chien-Pao|Chien-Pao, L50|100/100\n|switch|p1a: Zamazenta|Zamazenta-Crowned, L50|100/100\n|-ability|p1a: Zamazenta|Dauntless Shield|boost\n|-boost|p1a: Zamazenta|def|1\n|-ability|p1b: Chien-Pao|Sword of Ruin\n|turn|3\n|\n|t:|1745985808\n|-terastallize|p1a: Zamazenta|Dragon\n|move|p2b: Iron Hands|Drain Punch|p1b: Chien-Pao\n|-supereffective|p1b: Chien-Pao\n|-enditem|p1b: Chien-Pao|Focus Sash\n|-damage|p1b: Chien-Pao|1/100\n|-heal|p2b: Iron Hands|100/100|[from] drain|[of] p1b: Chien-Pao\n|move|p2a: Lunala|Moongeist Beam|p1a: Zamazenta\n|-damage|p1a: Zamazenta|37/100\n|move|p1a: Zamazenta|Body Press|p2b: Iron Hands\n|-damage|p2b: Iron Hands|38/100\n|move|p1b: Chien-Pao|Ice Spinner|p2a: Lunala\n|-damage|p2a: Lunala|0 fnt\n|faint|p2a: Lunala\n|\n|-weather|RainDance|[upkeep]\n|upkeep\n|\n|t:|1745985826\n|switch|p2a: Kyogre|Kyogre, L50|100/100\n|turn|4\n|\n|t:|1745985833\n|move|p1a: Zamazenta|Wide Guard|p1a: Zamazenta\n|-singleturn|p1a: Zamazenta|Wide Guard\n|move|p1b: Chien-Pao|Sucker Punch|p2b: Iron Hands\n|-resisted|p2b: Iron Hands\n|-damage|p2b: Iron Hands|20/100\n|move|p2b: Iron Hands|Drain Punch|p1a: Zamazenta\n|-damage|p1a: Zamazenta|11/100\n|-heal|p2b: Iron Hands|30/100|[from] drain|[of] p1a: Zamazenta\n|move|p2a: Kyogre|Water Spout|p1a: Zamazenta|[spread] \n|-activate|p1a: Zamazenta|move: Wide Guard\n|-activate|p1b: Chien-Pao|move: Wide Guard\n|\n|-weather|RainDance|[upkeep]\n|upkeep\n|turn|5\n|\n|t:|1745985858\n|move|p1b: Chien-Pao|Sucker Punch|p2a: Kyogre\n|-damage|p2a: Kyogre|54/100\n|move|p2b: Iron Hands|Drain Punch|p1a: Zamazenta\n|-damage|p1a: Zamazenta|0 fnt\n|-heal|p2b: Iron Hands|34/100|[from] drain|[of] p1a: Zamazenta\n|faint|p1a: Zamazenta\n|move|p2a: Kyogre|Thunder|p1b: Chien-Pao\n|-damage|p1b: Chien-Pao|0 fnt\n|faint|p1b: Chien-Pao\n|\n|win|blitzdragon0908\n|raw|Fish1111's rating: 1116 &rarr; <strong>1084</strong><br />(-32 for losing)\n|raw|blitzdragon0908's rating: 1019 &rarr; <strong>1066</strong><br />(+47 for winning)\n|l|\u2606Fish1111\n|player|p1|\n|l|\u2606blitzdragon0908\n|player|p2|\n", "uploadtime": 1745986165, "views": 6, "formatid": "gen9vgc2025regibo3", "rating": 1066, "private": 0, "password": null}