{"id": "gen9vgc2025regibo3-2354655998", "format": "[Gen 9] VGC 2025 Reg I (Bo3)", "players": ["BtheMan", "werrew"], "log": "|j|\u2606BtheMan\n|j|\u2606werrew\n|html|<table width=\"100%\"><tr><td align=\"left\">BtheMan</td><td align=\"right\">werrew</tr><tr><td align=\"left\"><i class=\"fa fa-circle-o\"></i> <i class=\"fa fa-circle-o\"></i> </td><td align=\"right\"><i class=\"fa fa-circle-o\"></i> <i class=\"fa fa-circle\"></i> </tr></table>\n|uhtml|bestof|<h2><strong>Game 2</strong> of <a href=\"/game-bestof3-gen9vgc2025regibo3-2354653359\">a best-of-3</a></h2>\n|t:|1746107698\n|gametype|doubles\n|player|p1|BtheMan|fisherman|1102\n|player|p2|werrew|170|1091\n|teamsize|p1|6\n|teamsize|p2|6\n|gen|9\n|tier|[Gen 9] VGC 2025 Reg I (Bo3)\n|rated|\n|rule|Species Clause: Limit one of each Pok\u00e9mon\n|rule|Item Clause: Limit 1 of each item\n|clearpoke\n|poke|p1|Whimsicott, L50, M|\n|poke|p1|Miraidon, L50|\n|poke|p1|Lunala, L50|\n|poke|p1|Iron Hands, L50|\n|poke|p1|Chi-Yu, L50|\n|poke|p1|Urshifu-*, L50, F|\n|poke|p2|Groudon, L50|\n|poke|p2|Miraidon, L50|\n|poke|p2|Farigiraf, L50, F|\n|poke|p2|Chi-Yu, L50|\n|poke|p2|Whimsicott, L50, F|\n|poke|p2|Urshifu-*, L50, F|\n|teampreview|4\n|showteam|p1|Whimsicott||CovertCloak|Prankster|Moonblast,Tailwind,Encore,LightScreen|||M|||50|,,,,,Dark]Miraidon||ChoiceSpecs|HadronEngine|ElectroDrift,VoltSwitch,DracoMeteor,DazzlingGleam||||||50|,,,,,Fairy]Lunala||ElectricSeed|ShadowShield|MoongeistBeam,Psyshock,TrickRoom,WideGuard||||||50|,,,,,Water]Iron Hands||AssaultVest|QuarkDrive|DrainPunch,LowKick,HeavySlam,FakeOut||||||50|,,,,,Water]Chi-Yu||ChoiceScarf|BeadsofRuin|HeatWave,DarkPulse,Overheat,Snarl||||||50|,,,,,Ghost]Urshifu-Rapid-Strike||FocusSash|UnseenFist|SurgingStrikes,CloseCombat,AquaJet,Protect|||F|||50|,,,,,Stellar\n|showteam|p2|Groudon||ClearAmulet|Drought|PrecipiceBlades,HeatCrash,FirePunch,Protect||||||50|,,,,,Fire]Miraidon||LifeOrb|HadronEngine|ElectroDrift,DazzlingGleam,DracoMeteor,Protect||||||50|,,,,,Fairy]Farigiraf||ElectricSeed|ArmorTail|ExpandingForce,HelpingHand,Imprison,TrickRoom|||F|||50|,,,,,Ground]Chi-Yu||ChoiceScarf|BeadsofRuin|DarkPulse,Snarl,HeatWave,Overheat||||||50|,,,,,Ghost]Whimsicott||CovertCloak|Prankster|Tailwind,Taunt,Moonblast,EnergyBall|||F|||50|,,,,,Dark]Urshifu-Rapid-Strike||MysticWater|UnseenFist|SurgingStrikes,AquaJet,CloseCombat,Detect|||F|||50|,,,,,Fighting\n|inactive|Battle timer is ON: inactive players will automatically lose when time's up. (requested by BtheMan)\n|\n|t:|1746107721\n|start\n|switch|p1a: Miraidon|Miraidon, L50|100/100\n|switch|p1b: Chi-Yu|Chi-Yu, L50|100/100\n|switch|p2a: Miraidon|Miraidon, L50|100/100\n|switch|p2b: Whimsicott|Whimsicott, L50, F|100/100\n|-ability|p1b: Chi-Yu|Beads of Ruin\n|-fieldstart|move: Electric Terrain|[from] ability: Hadron Engine|[of] p1a: Miraidon\n|-activate|p2a: Miraidon|ability: Hadron Engine\n|turn|1\n|\n|t:|1746107744\n|-terastallize|p1a: Miraidon|Fairy\n|move|p2a: Miraidon|Protect|p2a: Miraidon\n|-singleturn|p2a: Miraidon|Protect\n|move|p2b: Whimsicott|Tailwind|p2b: Whimsicott\n|-sidestart|p2: werrew|move: Tailwind\n|move|p1b: Chi-Yu|Heat Wave|p2b: Whimsicott|[spread] \n|-activate|p2a: Miraidon|move: Protect\n|-miss|p1b: Chi-Yu|p2b: Whimsicott\n|move|p1a: Miraidon|Dazzling Gleam|p2a: Miraidon|[spread] p2b\n|-activate|p2a: Miraidon|move: Protect\n|-damage|p2b: Whimsicott|0 fnt\n|faint|p2b: Whimsicott\n|\n|upkeep\n|inactive|werrew has 30 seconds left.\n|\n|t:|1746107773\n|switch|p2b: Groudon|Groudon, L50|100/100\n|-weather|SunnyDay|[from] ability: Drought|[of] p2b: Groudon\n|turn|2\n|\n|t:|1746107797\n|-terastallize|p2a: Miraidon|Fairy\n|move|p2a: Miraidon|Dazzling Gleam|p1a: Miraidon|[spread] p1a,p1b\n|-damage|p1a: Miraidon|36/100\n|-damage|p1b: Chi-Yu|26/100\n|-damage|p2a: Miraidon|91/100|[from] item: Life Orb\n|move|p1b: Chi-Yu|Heat Wave|p2a: Miraidon|[spread] p2a,p2b\n|-damage|p2a: Miraidon|10/100\n|-damage|p2b: Groudon|22/100\n|move|p2b: Groudon|Precipice Blades|p1b: Chi-Yu|[spread] p1b\n|-miss|p2b: Groudon|p1a: Miraidon\n|-supereffective|p1b: Chi-Yu\n|-damage|p1b: Chi-Yu|0 fnt\n|faint|p1b: Chi-Yu\n|move|p1a: Miraidon|Dazzling Gleam|p2b: Groudon|[spread] p2a,p2b\n|-damage|p2a: Miraidon|0 fnt\n|-damage|p2b: Groudon|0 fnt\n|faint|p2a: Miraidon\n|faint|p2b: Groudon\n|\n|-weather|SunnyDay|[upkeep]\n|upkeep\n|\n|t:|1746107816\n|switch|p1b: Lunala|Lunala, L50|100/100\n|switch|p2b: Chi-Yu|Chi-Yu, L50|100/100\n|-ability|p2b: Chi-Yu|Beads of Ruin\n|-enditem|p1b: Lunala|Electric Seed\n|-boost|p1b: Lunala|def|1|[from] item: Electric Seed\n|turn|3\n|\n|t:|1746107827\n|move|p2b: Chi-Yu|Dark Pulse|p1a: Miraidon\n|-resisted|p1a: Miraidon\n|-damage|p1a: Miraidon|8/100\n|move|p1a: Miraidon|Dazzling Gleam|p2b: Chi-Yu\n|-damage|p2b: Chi-Yu|4/100\n|move|p1b: Lunala|Trick Room|p1b: Lunala\n|-fieldstart|move: Trick Room|[of] p1b: Lunala\n|\n|-weather|SunnyDay|[upkeep]\n|upkeep\n|turn|4\n|-message|werrew forfeited.\n|\n|win|BtheMan\n|l|\u2606werrew\n|player|p2|\n||BtheMan is ready for game 3.\n||werrew is ready for game 3.\n|uhtml|next|Next: <a href=\"/battle-gen9vgc2025regibo3-2354657437\"><strong>Game 3 of 3</strong></a>\n", "uploadtime": 1746108090, "views": 12, "formatid": "gen9vgc2025regibo3", "rating": null, "private": 0, "password": null}