{"id": "gen9vgc2025regibo3-2354556254", "format": "[Gen 9] VGC 2025 Reg I (Bo3)", "players": ["Cotcha", "extremejoin"], "log": "|j|\u2606Cotcha\n|j|\u2606extremejoin\n|html|<table width=\"100%\"><tr><td align=\"left\">Cotcha</td><td align=\"right\">extremejoin</tr><tr><td align=\"left\"><i class=\"fa fa-circle\"></i> <i class=\"fa fa-circle-o\"></i> </td><td align=\"right\"><i class=\"fa fa-circle-o\"></i> <i class=\"fa fa-circle-o\"></i> </tr></table>\n|uhtml|bestof|<h2><strong>Game 2</strong> of <a href=\"/game-bestof3-gen9vgc2025regibo3-2354554793\">a best-of-3</a></h2>\n|t:|1746093780\n|gametype|doubles\n|player|p1|Cotcha|pokekid|1257\n|player|p2|extremejoin|266|1255\n|teamsize|p1|6\n|teamsize|p2|6\n|gen|9\n|tier|[Gen 9] VGC 2025 Reg I (Bo3)\n|rated|\n|rule|Species Clause: Limit one of each Pok\u00e9mon\n|rule|Item Clause: Limit 1 of each item\n|clearpoke\n|poke|p1|Kyogre, L50|\n|poke|p1|Calyrex-Ice, L50|\n|poke|p1|Roaring Moon, L50|\n|poke|p1|Amoonguss, L50, M|\n|poke|p1|Landorus, L50, M|\n|poke|p1|Smeargle, L50, F|\n|poke|p2|Necrozma-Dawn-Wings, L50|\n|poke|p2|Calyrex-Ice, L50|\n|poke|p2|Torkoal, L50, M|\n|poke|p2|Indeedee-F, L50, F|\n|poke|p2|Ursaluna, L50, F|\n|poke|p2|Smeargle, L50, M|\n|teampreview|4\n|showteam|p1|Kyogre||MysticWater|Drizzle|WaterSpout,HydroPump,Protect,Thunder||||||50|,,,,,Grass]Calyrex-Ice||ClearAmulet|AsOneGlastrier|GlacialLance,HighHorsepower,TrickRoom,Protect||||||50|,,,,,Fire]Roaring Moon||BoosterEnergy|Protosynthesis|KnockOff,Acrobatics,Tailwind,Protect||||||50|,,,,,Flying]Amoonguss||CovertCloak|Regenerator|RagePowder,Spore,SludgeBomb,Protect|||M|||50|,,,,,Water]Landorus||LifeOrb|SheerForce|EarthPower,SludgeBomb,SandsearStorm,Protect|||M|||50|,,,,,Water]Smeargle||FocusSash|Technician|FollowMe,FakeOut,WideGuard,Spore|||F|||50|,,,,,Grass\n|showteam|p2|Necrozma-Dawn-Wings||PowerHerb|PrismArmor|MoongeistBeam,MeteorBeam,ExpandingForce,TrickRoom||||||50|,,,,,Grass]Calyrex-Ice||ClearAmulet|AsOneGlastrier|GlacialLance,CloseCombat,TrickRoom,Protect||||||50|,,,,,Water]Torkoal||Charcoal|Drought|Eruption,WeatherBall,HeatWave,Protect|||M|||50|,,,,,Fire]Indeedee-F||SafetyGoggles|PsychicSurge|DazzlingGleam,FollowMe,HelpingHand,TrickRoom|||F|||50|,,,,,Fairy]Ursaluna||FlameOrb|Guts|Facade,HeadlongRush,ShadowClaw,Protect|||F|||50|,,,,,Ghost]Smeargle||FocusSash|Moody|FakeOut,FollowMe,Spore,Decorate|||M|||50|,,,,,Grass\n|\n|t:|1746093825\n|start\n|switch|p1a: Calyrex|Calyrex-Ice, L50|100/100\n|switch|p1b: Kyogre|Kyogre, L50|100/100\n|switch|p2a: Smeargle|Smeargle, L50, M|100/100\n|switch|p2b: Necrozma|Necrozma-Dawn-Wings, L50|100/100\n|-ability|p1a: Calyrex|As One\n|-ability|p1a: Calyrex|Unnerve\n|-weather|RainDance|[from] ability: Drizzle|[of] p1b: Kyogre\n|turn|1\n|\n|t:|1746093871\n|switch|p1a: Amoonguss|Amoonguss, L50, M|100/100\n|-terastallize|p1b: Kyogre|Grass\n|move|p2a: Smeargle|Spore|p1b: Kyogre\n|-immune|p1b: Kyogre\n|move|p1b: Kyogre|Water Spout|p2b: Necrozma|[spread] p2a,p2b\n|-enditem|p2a: Smeargle|Focus Sash\n|-damage|p2a: Smeargle|1/100\n|-damage|p2b: Necrozma|14/100\n|move|p2b: Necrozma|Meteor Beam||[still]\n|-prepare|p2b: Necrozma|Meteor Beam\n|-boost|p2b: Necrozma|spa|1\n|-enditem|p2b: Necrozma|Power Herb\n|-anim|p2b: Necrozma|Meteor Beam|p1a: Amoonguss\n|-damage|p1a: Amoonguss|37/100\n|\n|-weather|RainDance|[upkeep]\n|-ability|p2a: Smeargle|Moody|boost\n|-boost|p2a: Smeargle|atk|2\n|-unboost|p2a: Smeargle|spe|1\n|upkeep\n|turn|2\n|\n|t:|1746093902\n|switch|p1a: Landorus|Landorus, L50, M|100/100\n|move|p2a: Smeargle|Fake Out||[still]\n|-hint|Fake Out only works on your first turn out.\n|-fail|p2a: Smeargle\n|move|p1b: Kyogre|Water Spout|p2a: Smeargle|[spread] p2a,p2b\n|-damage|p2a: Smeargle|0 fnt\n|-damage|p2b: Necrozma|0 fnt\n|faint|p2a: Smeargle\n|faint|p2b: Necrozma\n|\n|-weather|RainDance|[upkeep]\n|upkeep\n|\n|t:|1746093906\n|switch|p2a: Indeedee|Indeedee-F, L50, F|100/100\n|switch|p2b: Calyrex|Calyrex-Ice, L50|100/100\n|-ability|p2b: Calyrex|As One\n|-ability|p2b: Calyrex|Unnerve\n|-fieldstart|move: Psychic Terrain|[from] ability: Psychic Surge|[of] p2a: Indeedee\n|turn|3\n|\n|t:|1746094006\n|-terastallize|p2b: Calyrex|Water\n|move|p1a: Landorus|Sandsear Storm|p2a: Indeedee|[spread] p2a,p2b\n|-damage|p2a: Indeedee|56/100\n|-damage|p2b: Calyrex|63/100\n|move|p1b: Kyogre|Water Spout|p2a: Indeedee|[spread] p2a,p2b\n|-resisted|p2b: Calyrex\n|-damage|p2a: Indeedee|0 fnt\n|-damage|p2b: Calyrex|26/100\n|faint|p2a: Indeedee\n|move|p2b: Calyrex|Glacial Lance|p1a: Landorus|[spread] p1a,p1b\n|-supereffective|p1a: Landorus\n|-supereffective|p1b: Kyogre\n|-damage|p1a: Landorus|0 fnt\n|-damage|p1b: Kyogre|0 fnt\n|faint|p1a: Landorus\n|faint|p1b: Kyogre\n|-ability|p2b: Calyrex|Chilling Neigh|boost\n|-boost|p2b: Calyrex|atk|2\n|\n|-weather|RainDance|[upkeep]\n|upkeep\n|\n|t:|1746094013\n|switch|p1a: Calyrex|Calyrex-Ice, L50|100/100\n|switch|p1b: Amoonguss|Amoonguss, L50, M|70/100\n|-ability|p1a: Calyrex|As One\n|-ability|p1a: Calyrex|Unnerve\n|turn|4\n|\n|t:|1746094019\n|move|p1b: Amoonguss|Protect|p1b: Amoonguss\n|-singleturn|p1b: Amoonguss|Protect\n|move|p1a: Calyrex|High Horsepower|p2b: Calyrex\n|-damage|p2b: Calyrex|1/100\n|move|p2b: Calyrex|Glacial Lance|p1a: Calyrex|[spread] p1a\n|-activate|p1b: Amoonguss|move: Protect\n|-resisted|p1a: Calyrex\n|-damage|p1a: Calyrex|62/100\n|\n|-weather|RainDance|[upkeep]\n|upkeep\n|turn|5\n|-message|extremejoin forfeited.\n|\n|win|Cotcha\n|raw|Cotcha's rating: 1257 &rarr; <strong>1282</strong><br />(+25 for winning)\n|raw|extremejoin's rating: 1255 &rarr; <strong>1230</strong><br />(-25 for losing)\n|l|\u2606extremejoin\n|player|p2|\n", "uploadtime": 1746094068, "views": 23, "formatid": "gen9vgc2025regibo3", "rating": 1230, "private": 0, "password": null}