{"id": "gen9vgc2025regibo3-2353717539", "format": "[Gen 9] VGC 2025 Reg I (Bo3)", "players": ["Samm3", "CityPopThatThang"], "log": "|j|\u2606Samm3\n|j|\u2606CityPopThatThang\n|html|<table width=\"100%\"><tr><td align=\"left\">Samm3</td><td align=\"right\">CityPopThatThang</tr><tr><td align=\"left\"><i class=\"fa fa-circle-o\"></i> <i class=\"fa fa-circle-o\"></i> </td><td align=\"right\"><i class=\"fa fa-circle-o\"></i> <i class=\"fa fa-circle-o\"></i> </tr></table>\n|uhtml|bestof|<h2><strong>Game 1</strong> of <a href=\"/game-bestof3-gen9vgc2025regibo3-2353717538\">a best-of-3</a></h2>\n|t:|1745988000\n|gametype|doubles\n|player|p1|Samm3|swimmerf-gen4|1118\n|player|p2|CityPopThatThang|guzma|1084\n|teamsize|p1|6\n|teamsize|p2|6\n|gen|9\n|tier|[Gen 9] VGC 2025 Reg I (Bo3)\n|rated|\n|rule|Species Clause: Limit one of each Pok\u00e9mon\n|rule|Item Clause: Limit 1 of each item\n|clearpoke\n|poke|p1|Zacian-*, L50|\n|poke|p1|Kyogre, L50|\n|poke|p1|Rillaboom, L50, M|\n|poke|p1|Incineroar, L50, M|\n|poke|p1|Urshifu-*, L50, M|\n|poke|p1|Tornadus, L50, M|\n|poke|p2|Kyogre, L50|\n|poke|p2|Zamazenta-*, L50|\n|poke|p2|Ursaluna, L50, M|\n|poke|p2|Sinistcha, L50|\n|poke|p2|Tornadus, L50, M|\n|poke|p2|Chi-Yu, L50|\n|teampreview|4\n|showteam|p1|Zacian-Crowned||RustedSword|IntrepidSword|behemothblade,PlayRough,SacredSword,Protect||||||50|,,,,,Stellar]Kyogre||ChoiceScarf|Drizzle|WaterSpout,Thunder,IceBeam,OriginPulse||||||50|,,,,,Grass]Rillaboom||AssaultVest|GrassySurge|GrassyGlide,HighHorsepower,Uturn,FakeOut|||M|||50|,,,,,Fire]Incineroar||RockyHelmet|Intimidate|KnockOff,WillOWisp,PartingShot,FakeOut|||M|||50|,,,,,Bug]Urshifu-Rapid-Strike||FocusSash|UnseenFist|SurgingStrikes,CloseCombat,Taunt,Detect|||M|||50|,,,,,Water]Tornadus||CovertCloak|Prankster|BleakwindStorm,RainDance,Taunt,Tailwind|||M|||50|,,,,,Dark\n|showteam|p2|Kyogre||LifeOrb|Drizzle|WaterSpout,IceBeam,Thunder,Protect||||||50|,,,,,Electric]Zamazenta-Crowned||RustedShield|DauntlessShield|BodyPress,HeavySlam,WideGuard,IronDefense||||||50|,,,,,Grass]Ursaluna||FlameOrb|Guts|Facade,HeadlongRush,Substitute,Protect|||M|||50|,,,,,Bug]Sinistcha||RockyHelmet|Hospitality|MatchaGotcha,Scald,RagePowder,TrickRoom||||||50|,,,,,Water]Tornadus||CovertCloak|Prankster|Hurricane,Tailwind,RainDance,Taunt|||M|||50|,,,,,Steel]Chi-Yu||ChoiceScarf|BeadsofRuin|HeatWave,DarkPulse,Snarl,Ruination||||||50|,,,,,Ghost\n|inactive|Battle timer is ON: inactive players will automatically lose when time's up. (requested by CityPopThatThang)\n|inactive|Samm3 has 60 seconds left.\n|\n|t:|1745988091\n|start\n|switch|p1a: Blue|Zacian-Crowned, L50, shiny|100/100\n|switch|p1b: Bang|Tornadus, L50, M, shiny|100/100\n|switch|p2a: Zamazenta|Zamazenta-Crowned, L50, shiny|100/100\n|switch|p2b: Chi-Yu|Chi-Yu, L50|100/100\n|-ability|p2b: Chi-Yu|Beads of Ruin\n|-ability|p1a: Blue|Intrepid Sword|boost\n|-boost|p1a: Blue|atk|1\n|-ability|p2a: Zamazenta|Dauntless Shield|boost\n|-boost|p2a: Zamazenta|def|1\n|turn|1\n|inactive|CityPopThatThang has 30 seconds left.\n|\n|t:|1745988118\n|move|p1a: Blue|Protect|p1a: Blue\n|-singleturn|p1a: Blue|Protect\n|move|p1b: Bang|Tailwind|p1b: Bang\n|-sidestart|p1: Samm3|move: Tailwind\n|move|p2b: Chi-Yu|Heat Wave|p1b: Bang|[spread] \n|-activate|p1a: Blue|move: Protect\n|-miss|p2b: Chi-Yu|p1b: Bang\n|move|p2a: Zamazenta|Iron Defense|p2a: Zamazenta\n|-boost|p2a: Zamazenta|def|2\n|\n|upkeep\n|turn|2\n|inactive|Samm3 has 30 seconds left.\n|\n|t:|1745988147\n|-terastallize|p1a: Blue|Stellar\n|-terastallize|p2a: Zamazenta|Grass\n|move|p1b: Bang|Rain Dance|p1b: Bang\n|-weather|RainDance\n|move|p1a: Blue|Sacred Sword|p2a: Zamazenta\n|-damage|p2a: Zamazenta|63/100\n|move|p2b: Chi-Yu|Heat Wave|p1a: Blue|[spread] p1a,p1b\n|-supereffective|p1a: Blue\n|-damage|p1a: Blue|56/100\n|-damage|p1b: Bang|63/100\n|-status|p1a: Blue|brn\n|move|p2a: Zamazenta|Body Press|p1b: Bang\n|-resisted|p1b: Bang\n|-damage|p1b: Bang|0 fnt\n|faint|p1b: Bang\n|\n|-weather|RainDance|[upkeep]\n|-damage|p1a: Blue|50/100 brn|[from] brn\n|upkeep\n|\n|t:|1745988170\n|switch|p1b: Tony|Incineroar, L50, M|100/100\n|-ability|p1b: Tony|Intimidate|boost\n|-unboost|p2a: Zamazenta|atk|1\n|-unboost|p2b: Chi-Yu|atk|1\n|turn|3\n|-message|Samm3 forfeited.\n|\n|win|CityPopThatThang\n|l|\u2606Samm3\n|player|p1|\n||CityPopThatThang is ready for game 2.\n||Samm3 is ready for game 2.\n|uhtml|next|Next: <a href=\"/battle-gen9vgc2025regibo3-2353718734\"><strong>Game 2 of 3</strong></a>\n", "uploadtime": 1745988529, "views": 12, "formatid": "gen9vgc2025regibo3", "rating": null, "private": 0, "password": null}