{"id": "gen9vgc2025regibo3-2353615734", "format": "[Gen 9] VGC 2025 Reg I (Bo3)", "players": ["je8", "Cyclondo3"], "log": "|j|\u2606je8\n|j|\u2606Cyclondo3\n|html|<table width=\"100%\"><tr><td align=\"left\">je8</td><td align=\"right\">Cyclondo3</tr><tr><td align=\"left\"><i class=\"fa fa-circle-o\"></i> <i class=\"fa fa-circle-o\"></i> </td><td align=\"right\"><i class=\"fa fa-circle-o\"></i> <i class=\"fa fa-circle-o\"></i> </tr></table>\n|uhtml|bestof|<h2><strong>Game 1</strong> of <a href=\"/game-bestof3-gen9vgc2025regibo3-2353615732\">a best-of-3</a></h2>\n|t:|1745974903\n|gametype|doubles\n|player|p1|je8|2|1165\n|player|p2|Cyclondo3|hilbert|1064\n|teamsize|p1|6\n|teamsize|p2|6\n|gen|9\n|tier|[Gen 9] VGC 2025 Reg I (Bo3)\n|rated|\n|rule|Species Clause: Limit one of each Pok\u00e9mon\n|rule|Item Clause: Limit 1 of each item\n|clearpoke\n|poke|p1|Calyrex-Shadow, L50|\n|poke|p1|Kyogre, L50|\n|poke|p1|Tornadus, L50, M|\n|poke|p1|Indeedee-F, L50, F|\n|poke|p1|Urshifu-*, L50, M|\n|poke|p1|Raging Bolt, L50|\n|poke|p2|Trevenant, L50, F|\n|poke|p2|Groudon, L50|\n|poke|p2|Grafaiai, L50, M|\n|poke|p2|Zamazenta-*, L50|\n|poke|p2|Jolteon, L50, F|\n|poke|p2|Arboliva, L50, F|\n|teampreview|4\n|showteam|p1|Calyrex-Shadow||FocusSash|AsOneSpectrier|Protect,Encore,Psychic,AstralBarrage||||||50|,,,,,Ghost]Kyogre||MysticWater|Drizzle|Protect,OriginPulse,IceBeam,Thunder||||||50|,,,,,Grass]Tornadus||CovertCloak|Prankster|BleakwindStorm,Tailwind,RainDance,Hurricane|||M|||50|,,,,,Dark]Indeedee-F||PsychicSeed|PsychicSurge|FollowMe,TrickRoom,Imprison,HelpingHand|||F|||50|,,,,,Grass]Urshifu-Rapid-Strike||ChoiceScarf|UnseenFist|CloseCombat,SurgingStrikes,AquaJet,IcePunch|||M|||50|,,,,,Water]Raging Bolt||BoosterEnergy|Protosynthesis|Protect,Thunder,DragonPulse,Thunderclap||||||50|,,,,,Fairy\n|showteam|p2|Trevenant||CovertCloak|Harvest|CalmMind,Curse,DestinyBond,SkillSwap|||F|||50|,,,,,Ghost]Groudon||SitrusBerry|Drought|Protect,BulkUp,IronHead,PrecipiceBlades||||||50|,,,,,Ground]Grafaiai||BlackSludge|Unburden|SunnyDay,HelpingHand,Toxic,PartingShot|||M|||50|,,,,,Poison]Zamazenta-Crowned||RustedShield|DauntlessShield|WideGuard,Coaching,BodyPress,behemothbash||||||50|,,,,,Fighting]Jolteon||FocusSash|VoltAbsorb|Protect,HelpingHand,VoltSwitch,AlluringVoice|||F|||50|,,,,,Electric]Arboliva||OccaBerry|Harvest|Protect,GigaDrain,PollenPuff,SweetScent|||F|||50|,,,,,Grass\n|c|\u2606Cyclondo3|glhf\n|c|\u2606je8|Glhf\n|inactive|Battle timer is ON: inactive players will automatically lose when time's up. (requested by Cyclondo3)\n|inactive|je8 has 60 seconds left.\n|j| R0gueVGC\n|inactive|je8 has 30 seconds left.\n|l| R0gueVGC\n|inactive|je8 has 20 seconds left.\n|inactive|je8 has 15 seconds left.\n|\n|t:|1745975043\n|start\n|switch|p1a: Urshifu|Urshifu-Rapid-Strike, L50, M|100/100\n|switch|p1b: Tornadus|Tornadus, L50, M|100/100\n|switch|p2a: Trevenant|Trevenant, L50, F|100/100\n|switch|p2b: Groudon|Groudon, L50|100/100\n|-weather|SunnyDay|[from] ability: Drought|[of] p2b: Groudon\n|turn|1\n|inactiveoff|Battle timer is now OFF.\n|\n|t:|1745975057\n|move|p1b: Tornadus|Rain Dance|p1b: Tornadus\n|-weather|RainDance\n|move|p1a: Urshifu|Surging Strikes|p2b: Groudon\n|-supereffective|p2b: Groudon\n|-crit|p2b: Groudon\n|-damage|p2b: Groudon|57/100\n|-supereffective|p2b: Groudon\n|-crit|p2b: Groudon\n|-damage|p2b: Groudon|11/100\n|-enditem|p2b: Groudon|Sitrus Berry|[eat]\n|-heal|p2b: Groudon|35/100|[from] item: Sitrus Berry\n|-supereffective|p2b: Groudon\n|-crit|p2b: Groudon\n|-damage|p2b: Groudon|0 fnt\n|faint|p2b: Groudon\n|-hitcount|p2: Groudon|3\n|move|p2a: Trevenant|Skill Swap|p2: Groudon|[notarget]\n|-fail|p2a: Trevenant\n|\n|-weather|RainDance|[upkeep]\n|upkeep\n|\n|t:|1745975064\n|switch|p2b: Zamazenta|Zamazenta-Crowned, L50|100/100\n|-ability|p2b: Zamazenta|Dauntless Shield|boost\n|-boost|p2b: Zamazenta|def|1\n|turn|2\n|\n|t:|1745975079\n|-terastallize|p1a: Urshifu|Water\n|move|p1a: Urshifu|Surging Strikes|p2b: Zamazenta\n|-crit|p2b: Zamazenta\n|-damage|p2b: Zamazenta|72/100\n|-crit|p2b: Zamazenta\n|-damage|p2b: Zamazenta|41/100\n|-crit|p2b: Zamazenta\n|-damage|p2b: Zamazenta|8/100\n|-hitcount|p2b: Zamazenta|3\n|move|p2b: Zamazenta|Body Press|p1a: Urshifu\n|-damage|p1a: Urshifu|30/100\n|move|p1b: Tornadus|Hurricane|p2a: Trevenant\n|-supereffective|p2a: Trevenant\n|-damage|p2a: Trevenant|0 fnt\n|faint|p2a: Trevenant\n|\n|-weather|RainDance|[upkeep]\n|upkeep\n|\n|t:|1745975085\n|switch|p2a: Arboliva|Arboliva, L50, F|100/100\n|turn|3\n|\n|t:|1745975098\n|move|p1a: Urshifu|Surging Strikes|p2b: Zamazenta\n|-crit|p2b: Zamazenta\n|-damage|p2b: Zamazenta|0 fnt\n|faint|p2b: Zamazenta\n|-hitcount|p2: Zamazenta|1\n|move|p1b: Tornadus|Hurricane|p2a: Arboliva\n|-supereffective|p2a: Arboliva\n|-damage|p2a: Arboliva|3/100\n|-start|p2a: Arboliva|confusion\n|-activate|p2a: Arboliva|confusion\n|move|p2a: Arboliva|Pollen Puff|p2: Zamazenta|[notarget]\n|-fail|p2a: Arboliva\n|\n|-weather|RainDance|[upkeep]\n|upkeep\n|turn|4\n|\n|t:|1745975112\n|move|p1a: Urshifu|Surging Strikes|p2a: Arboliva\n|-resisted|p2a: Arboliva\n|-crit|p2a: Arboliva\n|-damage|p2a: Arboliva|0 fnt\n|faint|p2a: Arboliva\n|-hitcount|p2: Arboliva|1\n|\n|win|je8\n||Cyclondo3 is ready for game 2.\n||je8 is ready for game 2.\n|uhtml|next|Next: <a href=\"/battle-gen9vgc2025regibo3-2353617483\"><strong>Game 2 of 3</strong></a>\n|l|\u2606Cyclondo3\n|player|p2|\n|l|\u2606je8\n|player|p1|\n", "uploadtime": 1745975392, "views": 6, "formatid": "gen9vgc2025regibo3", "rating": null, "private": 0, "password": null}