{"id": "gen9vgc2025regibo3-2354956218", "format": "[Gen 9] VGC 2025 Reg I (Bo3)", "players": ["Cerebellibrarian", "dotKuro"], "log": "|j|\u2606Cerebellibrarian\n|j|\u2606dotKuro\n|html|<table width=\"100%\"><tr><td align=\"left\">Cerebellibrarian</td><td align=\"right\">dotKuro</tr><tr><td align=\"left\"><i class=\"fa fa-circle-o\"></i> <i class=\"fa fa-circle-o\"></i> </td><td align=\"right\"><i class=\"fa fa-circle-o\"></i> <i class=\"fa fa-circle-o\"></i> </tr></table>\n|uhtml|bestof|<h2><strong>Game 1</strong> of <a href=\"/game-bestof3-gen9vgc2025regibo3-2354956216\">a best-of-3</a></h2>\n|t:|1746135536\n|gametype|doubles\n|player|p1|Cerebellibrarian|2|1190\n|player|p2|dotKuro|265|1139\n|teamsize|p1|6\n|teamsize|p2|6\n|gen|9\n|tier|[Gen 9] VGC 2025 Reg I (Bo3)\n|rated|\n|rule|Species Clause: Limit one of each Pok\u00e9mon\n|rule|Item Clause: Limit 1 of each item\n|clearpoke\n|poke|p1|Koraidon, L50|\n|poke|p1|Flutter Mane, L50|\n|poke|p1|Walking Wake, L50|\n|poke|p1|Calyrex-Shadow, L50|\n|poke|p1|Indeedee-F, L50, F|\n|poke|p1|Ogerpon, L50, F|\n|poke|p2|Chien-Pao, L50|\n|poke|p2|Kyogre, L50|\n|poke|p2|Amoonguss, L50, F|\n|poke|p2|Archaludon, L50, F|\n|poke|p2|Rayquaza, L50|\n|poke|p2|Landorus, L50, M|\n|teampreview|4\n|showteam|p1|Koraidon||ChoiceScarf|OrichalcumPulse|CollisionCourse,FlareBlitz,Uturn,DragonClaw||||||50|,,,,,Fire]Flutter Mane||FocusSash|Protosynthesis|Protect,Moonblast,ShadowBall,IcyWind||||||50|,,,,,Fairy]Walking Wake||CovertCloak|Protosynthesis|Snarl,HydroSteam,DracoMeteor,Flamethrower||||||50|,,,,,Fire]Calyrex-Shadow||LifeOrb|AsOneSpectrier|Protect,AstralBarrage,Psychic,Disable||||||50|,,,,,Dark]Indeedee-F||PsychicSeed|PsychicSurge|Protect,FollowMe,HelpingHand,AlluringVoice|||F|||50|,,,,,Grass]Ogerpon||LoadedDice|Defiant|SpikyShield,BulletSeed,KnockOff,Superpower|||F|||50|,,,,,Grass\n|showteam|p2|Chien-Pao||FocusSash|SwordofRuin|IceSpinner,Crunch,SuckerPunch,Protect||||||50|,,,,,Ghost]Kyogre||MysticWater|Drizzle|IceBeam,OriginPulse,WaterSpout,Protect||||||50|,,,,,Grass]Amoonguss||RockyHelmet|Regenerator|Protect,Spore,RagePowder,SludgeBomb|||F|||50|,,,,,Fire]Archaludon||AssaultVest|Stamina|ElectroShot,FlashCannon,BodyPress,DracoMeteor|||F|||50|,,,,,Bug]Rayquaza||LifeOrb|AirLock|DragonAscent,ExtremeSpeed,SwordsDance,Protect||||||50|,,,,,Normal]Landorus||ChoiceScarf|SheerForce|EarthPower,SandsearStorm,Uturn,SludgeBomb|||M|||50|,,,,,Ghost\n|inactive|Battle timer is ON: inactive players will automatically lose when time's up. (requested by Cerebellibrarian)\n|\n|t:|1746135572\n|start\n|switch|p1a: Ogerpon|Ogerpon, L50, F|100/100\n|switch|p1b: Koraidon|Koraidon, L50|100/100\n|switch|p2a: R\u00fchrei|Amoonguss, L50, F|100/100\n|switch|p2b: Baguette|Rayquaza, L50, shiny|100/100\n|-weather|SunnyDay|[from] ability: Orichalcum Pulse|[of] p1b: Koraidon\n|-activate|p1b: Koraidon|Orichalcum Pulse|[source]\n|-ability|p2b: Baguette|Air Lock\n|turn|1\n|\n|t:|1746135592\n|-terastallize|p1b: Koraidon|Fire\n|-terastallize|p2a: R\u00fchrei|Fire\n|move|p2a: R\u00fchrei|Rage Powder|p2a: R\u00fchrei\n|-singleturn|p2a: R\u00fchrei|move: Rage Powder\n|move|p1b: Koraidon|Flare Blitz|p2a: R\u00fchrei\n|-resisted|p2a: R\u00fchrei\n|-damage|p2a: R\u00fchrei|72/100\n|-damage|p1b: Koraidon|84/100|[from] item: Rocky Helmet|[of] p2a: R\u00fchrei\n|-damage|p1b: Koraidon|73/100|[from] Recoil\n|move|p1a: Ogerpon|Knock Off|p2b: Baguette\n|-damage|p2b: Baguette|71/100\n|-enditem|p2b: Baguette|Life Orb|[from] move: Knock Off|[of] p1a: Ogerpon\n|move|p2b: Baguette|Dragon Ascent|p1b: Koraidon\n|-crit|p1b: Koraidon\n|-damage|p1b: Koraidon|0 fnt\n|-unboost|p2b: Baguette|def|1\n|-unboost|p2b: Baguette|spd|1\n|faint|p1b: Koraidon\n|\n|-weather|SunnyDay|[upkeep]\n|upkeep\n|\n|t:|1746135597\n|switch|p1b: Calyrex|Calyrex-Shadow, L50|100/100\n|-ability|p1b: Calyrex|As One\n|-ability|p1b: Calyrex|Unnerve\n|turn|2\n|inactive|dotKuro has 30 seconds left.\n|\n|t:|1746135623\n|move|p2b: Baguette|Extreme Speed|p1a: Ogerpon\n|-damage|p1a: Ogerpon|52/100\n|move|p1b: Calyrex|Astral Barrage|p2b: Baguette|[spread] p2a,p2b\n|-damage|p2a: R\u00fchrei|0 fnt\n|-damage|p2b: Baguette|0 fnt\n|faint|p2a: R\u00fchrei\n|faint|p2b: Baguette\n|-ability|p1b: Calyrex|Grim Neigh|boost\n|-boost|p1b: Calyrex|spa|2\n|-damage|p1b: Calyrex|91/100|[from] item: Life Orb\n|move|p1a: Ogerpon|Bullet Seed|p2: R\u00fchrei|[notarget]\n|-fail|p1a: Ogerpon\n|\n|-weather|SunnyDay|[upkeep]\n|upkeep\n|\n|t:|1746135637\n|switch|p2b: Nutella|Landorus, L50, M|100/100\n|switch|p2a: Kellogg's|Kyogre, L50|100/100\n|-weather|RainDance|[from] ability: Drizzle|[of] p2a: Kellogg's\n|turn|3\n|inactive|dotKuro has 30 seconds left.\n|\n|t:|1746135663\n|move|p1a: Ogerpon|Spiky Shield|p1a: Ogerpon\n|-singleturn|p1a: Ogerpon|move: Protect\n|move|p2a: Kellogg's|Protect|p2a: Kellogg's\n|-singleturn|p2a: Kellogg's|Protect\n|move|p2b: Nutella|Sandsear Storm|p1b: Calyrex|[spread] p1b\n|-activate|p1a: Ogerpon|move: Protect\n|-crit|p1b: Calyrex\n|-damage|p1b: Calyrex|18/100\n|move|p1b: Calyrex|Astral Barrage|p2b: Nutella|[spread] p2b\n|-activate|p2a: Kellogg's|move: Protect\n|-damage|p2b: Nutella|0 fnt\n|faint|p2b: Nutella\n|-ability|p1b: Calyrex|Grim Neigh|boost\n|-boost|p1b: Calyrex|spa|1\n|-damage|p1b: Calyrex|9/100|[from] item: Life Orb\n|\n|-weather|RainDance|[upkeep]\n|upkeep\n|turn|4\n|-message|dotKuro forfeited.\n|\n|win|Cerebellibrarian\n", "uploadtime": 1746135676, "views": 6, "formatid": "gen9vgc2025regibo3", "rating": null, "private": 0, "password": null}