{"id": "gen9vgc2025regibo3-2355135286", "format": "[Gen 9] VGC 2025 Reg I (Bo3)", "players": ["alphamystogan", "shmurkykrow"], "log": "|j|\u2606alphamystogan\n|j|\u2606shmurkykrow\n|html|<table width=\"100%\"><tr><td align=\"left\">alphamystogan</td><td align=\"right\">shmurkykrow</tr><tr><td align=\"left\"><i class=\"fa fa-circle-o\"></i> <i class=\"fa fa-circle-o\"></i> </td><td align=\"right\"><i class=\"fa fa-circle-o\"></i> <i class=\"fa fa-circle-o\"></i> </tr></table>\n|uhtml|bestof|<h2><strong>Game 1</strong> of <a href=\"/game-bestof3-gen9vgc2025regibo3-2355135285\">a best-of-3</a></h2>\n|t:|1746156998\n|gametype|doubles\n|player|p1|alphamystogan|266|\n|player|p2|shmurkykrow|skyla|\n|teamsize|p1|6\n|teamsize|p2|6\n|gen|9\n|tier|[Gen 9] VGC 2025 Reg I (Bo3)\n|rule|Species Clause: Limit one of each Pok\u00e9mon\n|rule|Item Clause: Limit 1 of each item\n|clearpoke\n|poke|p1|Miraidon, L50|\n|poke|p1|Calyrex-Ice, L50|\n|poke|p1|Ditto, L50|\n|poke|p1|Grimmsnarl, L50, M|\n|poke|p1|Farigiraf, L50, M|\n|poke|p1|Iron Hands, L50|\n|poke|p2|Ho-Oh, L50|\n|poke|p2|Iron Treads, L50|\n|poke|p2|Miraidon, L50|\n|poke|p2|Iron Bundle, L50|\n|poke|p2|Farigiraf, L50, M|\n|poke|p2|Iron Hands, L50|\n|teampreview|4\n|showteam|p1|Miraidon||ChoiceSpecs|HadronEngine|ElectroDrift,DracoMeteor,VoltSwitch,DazzlingGleam||||||50|,,,,,Fairy]Calyrex-Ice||ClearAmulet|AsOneGlastrier|Protect,GlacialLance,HighHorsepower,TrickRoom||||||50|,,,,,Fire]Ditto||FocusSash|Imposter|Transform||||||50|,,,,,Ghost]Grimmsnarl||LightClay|Prankster|SpiritBreak,Reflect,ThunderWave,LightScreen|||M|||50|,,,,,Ghost]Farigiraf||ElectricSeed|ArmorTail|Psychic,TrickRoom,HelpingHand,FoulPlay|||M|||50|,,,,,Water]Iron Hands||AssaultVest|QuarkDrive|FakeOut,WildCharge,DrainPunch,LowKick||||||50|,,,,,Water\n|showteam|p2|Ho-Oh||RockyHelmet|Regenerator|SacredFire,BraveBird,Recover,Protect||||||50|,,,,,Grass]Iron Treads||LifeOrb|QuarkDrive|HighHorsepower,IronHead,Protect,KnockOff||||||50|,,,,,Ghost]Miraidon||ChoiceSpecs|HadronEngine|DazzlingGleam,ElectroDrift,VoltSwitch,DracoMeteor||||||50|,,,,,Fairy]Iron Bundle||FocusSash|QuarkDrive|FreezeDry,IcyWind,Protect,Encore||||||50|,,,,,Ghost]Farigiraf||ElectricSeed|ArmorTail|TrickRoom,FoulPlay,HelpingHand,PsychicNoise|||M|||50|,,,,,Water]Iron Hands||AssaultVest|QuarkDrive|WildCharge,DrainPunch,FakeOut,LowKick||||||50|,,,,,Bug\n|inactive|Battle timer is ON: inactive players will automatically lose when time's up. (requested by alphamystogan)\n|inactive|alphamystogan has 60 seconds left.\n|inactive|shmurkykrow has 60 seconds left.\n|inactive|alphamystogan has 30 seconds left.\n|inactive|shmurkykrow has 30 seconds left.\n|inactive|shmurkykrow has 20 seconds left.\n|inactive|alphamystogan has 20 seconds left.\n|inactive|shmurkykrow has 15 seconds left.\n|inactive|alphamystogan has 15 seconds left.\n|inactive|shmurkykrow has 10 seconds left.\n|inactive|alphamystogan has 10 seconds left.\n|inactive|shmurkykrow has 5 seconds left.\n|inactive|alphamystogan has 5 seconds left.\n|\n|t:|1746157089\n|start\n|switch|p1a: Calyrex|Calyrex-Ice, L50|100/100\n|switch|p1b: Grimmsnarl|Grimmsnarl, L50, M|100/100\n|switch|p2a: Iron Treads|Iron Treads, L50|100/100\n|switch|p2b: Miraidon|Miraidon, L50|100/100\n|-ability|p1a: Calyrex|As One\n|-ability|p1a: Calyrex|Unnerve\n|-fieldstart|move: Electric Terrain|[from] ability: Hadron Engine|[of] p2b: Miraidon\n|-activate|p2a: Iron Treads|ability: Quark Drive\n|-start|p2a: Iron Treads|quarkdrivespe\n|turn|1\n|inactive|alphamystogan has 30 seconds left.\n|inactive|shmurkykrow has 30 seconds left.\n|inactive|alphamystogan has 20 seconds left.\n|\n|t:|1746157124\n|move|p1b: Grimmsnarl|Reflect|p1b: Grimmsnarl\n|-sidestart|p1: alphamystogan|Reflect\n|move|p2a: Iron Treads|Iron Head|p1b: Grimmsnarl\n|-supereffective|p1b: Grimmsnarl\n|-damage|p1b: Grimmsnarl|34/100\n|-damage|p2a: Iron Treads|91/100|[from] item: Life Orb\n|move|p2b: Miraidon|Volt Switch|p1b: Grimmsnarl\n|-damage|p1b: Grimmsnarl|0 fnt\n|faint|p1b: Grimmsnarl\n|\n|t:|1746157134\n|switch|p2b: Farigiraf|Farigiraf, L50, M|100/100|[from] Volt Switch\n|-enditem|p2b: Farigiraf|Electric Seed\n|-boost|p2b: Farigiraf|def|1|[from] item: Electric Seed\n|move|p1a: Calyrex|Glacial Lance|p2b: Farigiraf|[spread] p2a,p2b\n|-damage|p2a: Iron Treads|37/100\n|-damage|p2b: Farigiraf|70/100\n|\n|upkeep\n|\n|t:|1746157141\n|switch|p1b: Iron Hands|Iron Hands, L50|100/100\n|-activate|p1b: Iron Hands|ability: Quark Drive\n|-start|p1b: Iron Hands|quarkdriveatk\n|turn|2\n|inactive|alphamystogan has 30 seconds left.\n|inactive|shmurkykrow has 30 seconds left.\n|inactive|alphamystogan has 20 seconds left.\n|\n|t:|1746157178\n|move|p1a: Calyrex|Protect|p1a: Calyrex\n|-singleturn|p1a: Calyrex|Protect\n|move|p2a: Iron Treads|High Horsepower|p1a: Calyrex\n|-activate|p1a: Calyrex|move: Protect\n|move|p2b: Farigiraf|Foul Play|p1a: Calyrex\n|-activate|p1a: Calyrex|move: Protect\n|move|p1b: Iron Hands|Drain Punch|p2a: Iron Treads\n|-supereffective|p2a: Iron Treads\n|-crit|p2a: Iron Treads\n|-damage|p2a: Iron Treads|0 fnt\n|faint|p2a: Iron Treads\n|-end|p2a: Iron Treads|Quark Drive|[silent]\n|\n|upkeep\n|\n|t:|1746157188\n|switch|p2a: Miraidon|Miraidon, L50|100/100\n|-activate|p2a: Miraidon|ability: Hadron Engine\n|turn|3\n|inactive|alphamystogan has 30 seconds left.\n|\n|t:|1746157222\n|-end|p1b: Iron Hands|Quark Drive|[silent]\n|switch|p1b: Ditto|Ditto, L50|100/100\n|-transform|p1b: Ditto|p2a: Miraidon|[from] ability: Imposter\n|-activate|p1b: Ditto|ability: Hadron Engine\n|move|p2a: Miraidon|Electro Drift|p1a: Calyrex\n|-damage|p1a: Calyrex|16/100\n|move|p1a: Calyrex|Glacial Lance|p2a: Miraidon|[spread] p2a,p2b\n|-supereffective|p2a: Miraidon\n|-damage|p2a: Miraidon|0 fnt\n|-damage|p2b: Farigiraf|36/100\n|faint|p2a: Miraidon\n|-ability|p1a: Calyrex|Chilling Neigh|boost\n|-boost|p1a: Calyrex|atk|1\n|move|p2b: Farigiraf|Foul Play|p1a: Calyrex\n|-supereffective|p1a: Calyrex\n|-damage|p1a: Calyrex|0 fnt\n|faint|p1a: Calyrex\n|\n|upkeep\n|\n|t:|1746157243\n|switch|p2a: Iron Hands|Iron Hands, L50|100/100\n|switch|p1a: Iron Hands|Iron Hands, L50|100/100\n|-activate|p2a: Iron Hands|ability: Quark Drive\n|-start|p2a: Iron Hands|quarkdriveatk\n|-activate|p1a: Iron Hands|ability: Quark Drive\n|-start|p1a: Iron Hands|quarkdriveatk\n|turn|4\n|inactive|shmurkykrow has 30 seconds left.\n|inactive|shmurkykrow has 20 seconds left.\n|inactive|alphamystogan has 30 seconds left.\n|inactive|shmurkykrow has 15 seconds left.\n|inactive|shmurkykrow has 10 seconds left.\n|inactive|shmurkykrow has 5 seconds left.\n|\n|t:|1746157293\n|-terastallize|p1b: Ditto|Ghost\n|move|p2a: Iron Hands|Fake Out|p1a: Iron Hands\n|-damage|p1a: Iron Hands|91/100\n|move|p1b: Ditto|Electro Drift|p2b: Farigiraf\n|-damage|p2b: Farigiraf|0 fnt\n|faint|p2b: Farigiraf\n|cant|p1a: Iron Hands|flinch\n|\n|upkeep\n|turn|5\n|inactive|shmurkykrow has 30 seconds left.\n|\n|t:|1746157319\n|move|p1b: Ditto|Dazzling Gleam|p2a: Iron Hands\n|-supereffective|p2a: Iron Hands\n|-damage|p2a: Iron Hands|65/100\n|move|p1a: Iron Hands|Low Kick|p2a: Iron Hands\n|-damage|p2a: Iron Hands|3/100\n|move|p2a: Iron Hands|Drain Punch|p1a: Iron Hands\n|-crit|p1a: Iron Hands\n|-damage|p1a: Iron Hands|33/100\n|-heal|p2a: Iron Hands|32/100|[from] drain|[of] p1a: Iron Hands\n|\n|-fieldend|move: Electric Terrain\n|-end|p2a: Iron Hands|Quark Drive\n|-end|p1a: Iron Hands|Quark Drive\n|upkeep\n|turn|6\n|\n|t:|1746157337\n|-terastallize|p2a: Iron Hands|Bug\n|move|p1b: Ditto|Dazzling Gleam|p2a: Iron Hands\n|-damage|p2a: Iron Hands|19/100\n|move|p2a: Iron Hands|Low Kick|p1a: Iron Hands\n|-damage|p1a: Iron Hands|3/100\n|move|p1a: Iron Hands|Low Kick|p2a: Iron Hands\n|-resisted|p2a: Iron Hands\n|-damage|p2a: Iron Hands|0 fnt\n|faint|p2a: Iron Hands\n|-end|p2a: Iron Hands|Quark Drive|[silent]\n|\n|win|alphamystogan\n||shmurkykrow is ready for game 2.\n||alphamystogan is ready for game 2.\n|uhtml|next|Next: <a href=\"/battle-gen9vgc2025regibo3-2355137828\"><strong>Game 2 of 3</strong></a>\n", "uploadtime": 1746157661, "views": 3, "formatid": "gen9vgc2025regibo3", "rating": null, "private": 0, "password": null}