{"id": "gen9vgc2025regibo3-2353685486", "format": "[Gen 9] VGC 2025 Reg I (Bo3)", "players": ["brutal mcbonnet", "8123A"], "log": "|j|\u2606brutal mcbonnet\n|j|\u26068123A\n|html|<table width=\"100%\"><tr><td align=\"left\">brutal mcbonnet</td><td align=\"right\">8123A</tr><tr><td align=\"left\"><i class=\"fa fa-circle\"></i> <i class=\"fa fa-circle-o\"></i> </td><td align=\"right\"><i class=\"fa fa-circle-o\"></i> <i class=\"fa fa-circle-o\"></i> </tr></table>\n|uhtml|bestof|<h2><strong>Game 2</strong> of <a href=\"/game-bestof3-gen9vgc2025regibo3-2353683765\">a best-of-3</a></h2>\n|t:|1745983427\n|gametype|doubles\n|player|p1|brutal mcbonnet|skyla|1191\n|player|p2|8123A|fisherman-gen4|1201\n|teamsize|p1|6\n|teamsize|p2|6\n|gen|9\n|tier|[Gen 9] VGC 2025 Reg I (Bo3)\n|rated|\n|rule|Species Clause: Limit one of each Pok\u00e9mon\n|rule|Item Clause: Limit 1 of each item\n|clearpoke\n|poke|p1|Koraidon, L50|\n|poke|p1|Ho-Oh, L50|\n|poke|p1|Brute Bonnet, L50|\n|poke|p1|Flutter Mane, L50|\n|poke|p1|Raging Bolt, L50|\n|poke|p1|Iron Treads, L50|\n|poke|p2|Kyogre, L50|\n|poke|p2|Calyrex-Ice, L50|\n|poke|p2|Rillaboom, L50, F|\n|poke|p2|Amoonguss, L50, M|\n|poke|p2|Incineroar, L50, F|\n|poke|p2|Tornadus, L50, M|\n|teampreview|4\n|showteam|p1|Koraidon||LifeOrb|OrichalcumPulse|CloseCombat,FlareBlitz,BreakingSwipe,Protect||||||50|,,,,,Fire]Ho-Oh||ClearAmulet|Regenerator|SacredFire,BraveBird,Tailwind,Protect||||||50|,,,,,Grass]Brute Bonnet||CovertCloak|Protosynthesis|SuckerPunch,PollenPuff,Spore,RagePowder||||||50|,,,,,Water]Flutter Mane||FocusSash|Protosynthesis|Moonblast,ShadowBall,IcyWind,Protect||||||50|,,,,,Stellar]Raging Bolt||AssaultVest|Protosynthesis|Thunderclap,Thunderbolt,DragonPulse,Electroweb||||||50|,,,,,Electric]Iron Treads||ChoiceBand|QuarkDrive|HighHorsepower,IronHead,Earthquake,SteelRoller||||||50|,,,,,Ghost\n|showteam|p2|Kyogre||Leftovers|Drizzle|WaterSpout,OriginPulse,IceBeam,CalmMind||||||50|,,,,,Grass]Calyrex-Ice||ClearAmulet|AsOneGlastrier|TrickRoom,GlacialLance,Protect,HighHorsepower||||||50|,,,,,Fire]Rillaboom||AssaultVest|GrassySurge|FakeOut,GrassyGlide,WoodHammer,Uturn|||F|||50|,,,,,Fire]Amoonguss||MentalHerb|Regenerator|Spore,RagePowder,PollenPuff,Protect|||M|||50|,,,,,Fairy]Incineroar||SafetyGoggles|Intimidate|FakeOut,KnockOff,PartingShot,FlareBlitz|||F|||50|,,,,,Ghost]Tornadus||CovertCloak|Prankster|BleakwindStorm,Tailwind,Protect,Taunt|||M|||50|,,,,,Steel\n|inactive|Battle timer is ON: inactive players will automatically lose when time's up. (requested by brutal mcbonnet)\n|\n|t:|1745983449\n|start\n|switch|p1a: Raging Bolt|Raging Bolt, L50|100/100\n|switch|p1b: Ho-Oh|Ho-Oh, L50, shiny|100/100\n|switch|p2a: Tornadus|Tornadus, L50, M|100/100\n|switch|p2b: Calyrex|Calyrex-Ice, L50|100/100\n|-ability|p2b: Calyrex|As One\n|-ability|p2b: Calyrex|Unnerve\n|turn|1\n|\n|t:|1745983465\n|-terastallize|p1a: Raging Bolt|Electric\n|move|p2a: Tornadus|Protect|p2a: Tornadus\n|-singleturn|p2a: Tornadus|Protect\n|move|p1b: Ho-Oh|Sacred Fire|p2b: Calyrex\n|-supereffective|p2b: Calyrex\n|-damage|p2b: Calyrex|43/100\n|-status|p2b: Calyrex|brn\n|move|p1a: Raging Bolt|Thunderbolt|p2a: Tornadus\n|-activate|p2a: Tornadus|move: Protect\n|move|p2b: Calyrex|Glacial Lance|p1b: Ho-Oh|[spread] p1a,p1b\n|-damage|p1a: Raging Bolt|83/100\n|-damage|p1b: Ho-Oh|78/100\n|\n|-damage|p2b: Calyrex|37/100 brn|[from] brn\n|upkeep\n|turn|2\n|-message|8123A forfeited.\n|raw|brutal mcbonnet's rating: 1191 &rarr; <strong>1217</strong><br />(+26 for winning)\n|raw|8123A's rating: 1201 &rarr; <strong>1175</strong><br />(-26 for losing)\n|\n|win|brutal mcbonnet\n|l|\u26068123A\n|player|p2|\n", "uploadtime": 1745983511, "views": 12, "formatid": "gen9vgc2025regibo3", "rating": 1175, "private": 0, "password": null}