{"id": "gen9vgc2025regibo3-2353657419", "format": "[Gen 9] VGC 2025 Reg I (Bo3)", "players": ["Mopp_Is_Here", "mil0battles"], "log": "|j|\u2606Mopp_Is_Here\n|j|\u2606mil0battles\n|html|<table width=\"100%\"><tr><td align=\"left\">Mopp_Is_Here</td><td align=\"right\">mil0battles</tr><tr><td align=\"left\"><i class=\"fa fa-circle\"></i> <i class=\"fa fa-circle-o\"></i> </td><td align=\"right\"><i class=\"fa fa-circle-o\"></i> <i class=\"fa fa-circle\"></i> </tr></table>\n|uhtml|bestof|<h2><strong>Game 3</strong> of <a href=\"/game-bestof3-gen9vgc2025regibo3-2353655013\">a best-of-3</a></h2>\n|t:|1745979893\n|gametype|doubles\n|player|p1|Mopp_Is_Here|backpacker|1075\n|player|p2|mil0battles|pokemonranger-gen4|1163\n|teamsize|p1|6\n|teamsize|p2|6\n|gen|9\n|tier|[Gen 9] VGC 2025 Reg I (Bo3)\n|rated|\n|rule|Species Clause: Limit one of each Pok\u00e9mon\n|rule|Item Clause: Limit 1 of each item\n|clearpoke\n|poke|p1|Miraidon, L50|\n|poke|p1|Iron Hands, L50|\n|poke|p1|Chi-Yu, L50|\n|poke|p1|Whimsicott, L50, M|\n|poke|p1|Urshifu-*, L50, F|\n|poke|p1|Terapagos, L50, M|\n|poke|p2|Zacian-*, L50|\n|poke|p2|Calyrex-Shadow, L50|\n|poke|p2|Tornadus, L50, M|\n|poke|p2|Indeedee-F, L50, F|\n|poke|p2|Urshifu-*, L50, F|\n|poke|p2|Ursaluna, L50, F|\n|teampreview|4\n|showteam|p1|Miraidon||LifeOrb|HadronEngine|ElectroDrift,DracoMeteor,Taunt,Protect||||||50|,,,,,Electric]Iron Hands||ClearAmulet|QuarkDrive|FakeOut,DrainPunch,WildCharge,Protect||||||50|,,,,,Grass]Chi-Yu||FocusSash|BeadsofRuin|HeatWave,DarkPulse,Overheat,Protect||||||50|,,,,,Fire]Whimsicott||MentalHerb|Prankster|Tailwind,Encore,EnergyBall,Taunt|||M|||50|,,,,,Ghost]Urshifu-Rapid-Strike||MysticWater|UnseenFist|AquaJet,SurgingStrikes,CloseCombat,Protect|||F|||50|,,,,,Water]Terapagos||Leftovers|TeraShift|TeraStarstorm,CalmMind,DarkPulse,Protect|||M|||50|,,,,,Stellar\n|showteam|p2|Zacian-Crowned||RustedSword|IntrepidSword|Protect,PlayRough,behemothblade,SacredSword||||||50|,,,,,Stellar]Calyrex-Shadow||LifeOrb|AsOneSpectrier|ExpandingForce,AstralBarrage,NastyPlot,Protect||||||50|,,,,,Normal]Tornadus||CovertCloak|Prankster|RainDance,Tailwind,BleakwindStorm,Taunt|||M|||50|,,,,,Dark]Indeedee-F||PsychicSeed|PsychicSurge|FollowMe,TrickRoom,Imprison,HelpingHand|||F|||50|,,,,,Fairy]Urshifu-Rapid-Strike||ChoiceScarf|UnseenFist|Coaching,SurgingStrikes,AquaJet,CloseCombat|||F|||50|,,,,,Stellar]Ursaluna||FlameOrb|Guts|Facade,HeadlongRush,RockSlide,Protect|||F|||50|,,,,,Fire\n|inactive|Battle timer is ON: inactive players will automatically lose when time's up. (requested by mil0battles)\n|\n|t:|1745979903\n|start\n|switch|p1a: Miraidoff|Miraidon, L50|100/100\n|switch|p1b: Whimsiscott|Whimsicott, L50, M|100/100\n|switch|p2a: Indeedee|Indeedee-F, L50, F|100/100\n|switch|p2b: Calyrex|Calyrex-Shadow, L50|100/100\n|-ability|p2b: Calyrex|As One\n|-ability|p2b: Calyrex|Unnerve\n|-fieldstart|move: Electric Terrain|[from] ability: Hadron Engine|[of] p1a: Miraidoff\n|-fieldstart|move: Psychic Terrain|[from] ability: Psychic Surge|[of] p2a: Indeedee\n|-enditem|p2a: Indeedee|Psychic Seed\n|-boost|p2a: Indeedee|spd|1|[from] item: Psychic Seed\n|turn|1\n|inactive|mil0battles has 30 seconds left.\n|inactive|Mopp_Is_Here has 30 seconds left.\n|\n|t:|1745979941\n|switch|p1a: Yu-Chi|Chi-Yu, L50|100/100\n|-ability|p1a: Yu-Chi|Beads of Ruin\n|move|p2a: Indeedee|Follow Me|p2a: Indeedee\n|-singleturn|p2a: Indeedee|move: Follow Me\n|move|p2b: Calyrex|Expanding Force|p1a: Yu-Chi|[spread] p1b\n|-immune|p1a: Yu-Chi\n|-damage|p1b: Whimsiscott|0 fnt\n|faint|p1b: Whimsiscott\n|-ability|p2b: Calyrex|Grim Neigh|boost\n|-boost|p2b: Calyrex|spa|1\n|-damage|p2b: Calyrex|91/100|[from] item: Life Orb\n|\n|upkeep\n|\n|t:|1745979953\n|switch|p1b: Miraidoff|Miraidon, L50|100/100\n|-fieldstart|move: Electric Terrain|[from] ability: Hadron Engine|[of] p1b: Miraidoff\n|turn|2\n|\n|t:|1745979964\n|move|p2b: Calyrex|Protect|p2b: Calyrex\n|-singleturn|p2b: Calyrex|Protect\n|move|p2a: Indeedee|Follow Me|p2a: Indeedee\n|-singleturn|p2a: Indeedee|move: Follow Me\n|move|p1b: Miraidoff|Taunt|p2a: Indeedee\n|-start|p2a: Indeedee|move: Taunt\n|move|p1a: Yu-Chi|Dark Pulse|p2a: Indeedee\n|-supereffective|p2a: Indeedee\n|-damage|p2a: Indeedee|32/100\n|\n|upkeep\n|turn|3\n|\n|t:|1745979984\n|switch|p2a: Urshifu|Urshifu-Rapid-Strike, L50, F|100/100\n|move|p2b: Calyrex|Astral Barrage|p1b: Miraidoff|[spread] p1a,p1b\n|-resisted|p1a: Yu-Chi\n|-damage|p1a: Yu-Chi|40/100\n|-damage|p1b: Miraidoff|0 fnt\n|faint|p1b: Miraidoff\n|-ability|p2b: Calyrex|Grim Neigh|boost\n|-boost|p2b: Calyrex|spa|1\n|-damage|p2b: Calyrex|81/100|[from] item: Life Orb\n|move|p1a: Yu-Chi|Overheat|p2b: Calyrex|[miss]\n|-miss|p1a: Yu-Chi|p2b: Calyrex\n|\n|upkeep\n|c|\u2606Mopp_Is_Here|bruh\n|\n|t:|1745980000\n|switch|p1b: Brian Hands|Iron Hands, L50|100/100\n|-activate|p1b: Brian Hands|ability: Quark Drive\n|-start|p1b: Brian Hands|quarkdriveatk\n|turn|4\n|\n|t:|1745980012\n|switch|p2a: Indeedee|Indeedee-F, L50, F|32/100\n|-fieldstart|move: Psychic Terrain|[from] ability: Psychic Surge|[of] p2a: Indeedee\n|-end|p1b: Brian Hands|Quark Drive\n|move|p2b: Calyrex|Astral Barrage|p1b: Brian Hands|[spread] p1a,p1b\n|-resisted|p1a: Yu-Chi\n|-damage|p1a: Yu-Chi|0 fnt\n|-damage|p1b: Brian Hands|0 fnt\n|faint|p1a: Yu-Chi\n|faint|p1b: Brian Hands\n|-end|p1b: Brian Hands|Quark Drive|[silent]\n|-damage|p2b: Calyrex|71/100|[from] item: Life Orb\n|\n|win|mil0battles\n|raw|Mopp_Is_Here's rating: 1075 &rarr; <strong>1059</strong><br />(-16 for losing)\n|raw|mil0battles's rating: 1163 &rarr; <strong>1182</strong><br />(+19 for winning)\n|l|\u2606Mopp_Is_Here\n|player|p1|\n", "uploadtime": 1745980020, "views": 11, "formatid": "gen9vgc2025regibo3", "rating": 1059, "private": 0, "password": null}