{"id": "gen9vgc2025regibo3-2353793867", "format": "[Gen 9] VGC 2025 Reg I (Bo3)", "players": ["carrotbeafsteak", "frankino98"], "log": "|j|\u2606carrotbeafsteak\n|j|\u2606frankino98\n|html|<table width=\"100%\"><tr><td align=\"left\">carrotbeafsteak</td><td align=\"right\">frankino98</tr><tr><td align=\"left\"><i class=\"fa fa-circle-o\"></i> <i class=\"fa fa-circle-o\"></i> </td><td align=\"right\"><i class=\"fa fa-circle-o\"></i> <i class=\"fa fa-circle-o\"></i> </tr></table>\n|uhtml|bestof|<h2><strong>Game 1</strong> of <a href=\"/game-bestof3-gen9vgc2025regibo3-2353793866\">a best-of-3</a></h2>\n|t:|1746001000\n|gametype|doubles\n|player|p1|carrotbeafsteak|170|1227\n|player|p2|frankino98|cynthia|1125\n|teamsize|p1|6\n|teamsize|p2|6\n|gen|9\n|tier|[Gen 9] VGC 2025 Reg I (Bo3)\n|rated|\n|rule|Species Clause: Limit one of each Pok\u00e9mon\n|rule|Item Clause: Limit 1 of each item\n|clearpoke\n|poke|p1|Zamazenta-*, L50|\n|poke|p1|Miraidon, L50|\n|poke|p1|Murkrow, L50, M|\n|poke|p1|Bruxish, L50, F|\n|poke|p1|Farigiraf, L50, M|\n|poke|p1|Ursaluna, L50, M|\n|poke|p2|Zacian-*, L50|\n|poke|p2|Kyogre, L50|\n|poke|p2|Tornadus, L50, M|\n|poke|p2|Amoonguss, L50, M|\n|poke|p2|Incineroar, L50, F|\n|poke|p2|Urshifu-*, L50, F|\n|teampreview|4\n|showteam|p1|Zamazenta-Crowned||RustedShield|DauntlessShield|Protect,HeavySlam,BodyPress,WideGuard||||||50|,,,,,Ghost]Miraidon||ChoiceSpecs|HadronEngine|ElectroDrift,VoltSwitch,DracoMeteor,DazzlingGleam||||||50|,,,,,Fairy]Murkrow||FocusSash|Prankster|Tailwind,Haze,Torment,DarkPulse|||M|||50|,,,,,Ghost]Bruxish||ChoiceScarf|Dazzling|WaveCrash,PsychicFangs,IcyWind,FlipTurn|||F|||50|,,,,,Ground]Farigiraf||ElectricSeed|ArmorTail|FoulPlay,Psychic,HelpingHand,TrickRoom|||M|||50|,,,,,Ground]Ursaluna||FlameOrb|Guts|Protect,Facade,HeadlongRush,Earthquake|||M|||50|,,,,,Normal\n|showteam|p2|Zacian-Crowned||RustedSword|IntrepidSword|behemothblade,PlayRough,Substitute,Protect||||||50|,,,,,Fairy]Kyogre||MysticWater|Drizzle|WaterSpout,OriginPulse,Thunder,Protect||||||50|,,,,,Grass]Tornadus||CovertCloak|Prankster|BleakwindStorm,Tailwind,RainDance,Taunt|||M|||50|,,,,,Dark]Amoonguss||RockyHelmet|Regenerator|PollenPuff,Spore,RagePowder,Protect|||M|||50|,,,,,Steel]Incineroar||SafetyGoggles|Intimidate|KnockOff,FakeOut,WillOWisp,PartingShot|||F|||50|,,,,,Water]Urshifu-Rapid-Strike||ChoiceScarf|UnseenFist|SurgingStrikes,CloseCombat,Uturn,Coaching|||F|||50|,,,,,Ghost\n|\n|t:|1746001075\n|start\n|switch|p1a: Murkrow|Murkrow, L50, M|100/100\n|switch|p1b: Bruxish|Bruxish, L50, F|100/100\n|switch|p2a: Kyogre|Kyogre, L50|100/100\n|switch|p2b: Amoonguss|Amoonguss, L50, M|100/100\n|-weather|RainDance|[from] ability: Drizzle|[of] p2a: Kyogre\n|turn|1\n|\n|t:|1746001107\n|move|p2b: Amoonguss|Rage Powder|p2b: Amoonguss\n|-singleturn|p2b: Amoonguss|move: Rage Powder\n|move|p1a: Murkrow|Tailwind|p1a: Murkrow\n|-sidestart|p1: carrotbeafsteak|move: Tailwind\n|move|p1b: Bruxish|Psychic Fangs|p2b: Amoonguss\n|-supereffective|p2b: Amoonguss\n|-damage|p2b: Amoonguss|35/100\n|-damage|p1b: Bruxish|84/100|[from] item: Rocky Helmet|[of] p2b: Amoonguss\n|move|p2a: Kyogre|Water Spout|p1a: Murkrow|[spread] p1a,p1b\n|-resisted|p1b: Bruxish\n|-enditem|p1a: Murkrow|Focus Sash\n|-damage|p1a: Murkrow|1/100\n|-damage|p1b: Bruxish|0 fnt\n|faint|p1b: Bruxish\n|\n|-weather|RainDance|[upkeep]\n|upkeep\n|\n|t:|1746001118\n|switch|p1b: Miraidon|Miraidon, L50|100/100\n|-fieldstart|move: Electric Terrain|[from] ability: Hadron Engine|[of] p1b: Miraidon\n|turn|2\n|\n|t:|1746001141\n|switch|p2b: Incineroar|Incineroar, L50, F|100/100\n|-ability|p2b: Incineroar|Intimidate|boost\n|-unboost|p1a: Murkrow|atk|1\n|-unboost|p1b: Miraidon|atk|1\n|-terastallize|p2a: Kyogre|Grass\n|move|p1b: Miraidon|Electro Drift|p2a: Kyogre\n|-resisted|p2a: Kyogre\n|-damage|p2a: Kyogre|54/100\n|move|p1a: Murkrow|Dark Pulse|p2b: Incineroar\n|-resisted|p2b: Incineroar\n|-damage|p2b: Incineroar|87/100\n|move|p2a: Kyogre|Origin Pulse|p1a: Murkrow|[spread] p1a,p1b\n|-resisted|p1b: Miraidon\n|-damage|p1a: Murkrow|0 fnt\n|-damage|p1b: Miraidon|61/100\n|faint|p1a: Murkrow\n|\n|-weather|RainDance|[upkeep]\n|upkeep\n|\n|t:|1746001169\n|switch|p1a: Zamazenta|Zamazenta-Crowned, L50|100/100\n|-ability|p1a: Zamazenta|Dauntless Shield|boost\n|-boost|p1a: Zamazenta|def|1\n|turn|3\n|\n|t:|1746001182\n|-terastallize|p1a: Zamazenta|Ghost\n|move|p2b: Incineroar|Fake Out|p1b: Miraidon\n|-damage|p1b: Miraidon|50/100\n|cant|p1b: Miraidon|flinch\n|move|p1a: Zamazenta|Body Press|p2a: Kyogre\n|-damage|p2a: Kyogre|0 fnt\n|faint|p2a: Kyogre\n|\n|-weather|RainDance|[upkeep]\n|upkeep\n|\n|t:|1746001221\n|switch|p2a: Zacian|Zacian-Crowned, L50|100/100\n|-ability|p2a: Zacian|Intrepid Sword|boost\n|-boost|p2a: Zacian|atk|1\n|turn|4\n|\n|t:|1746001236\n|switch|p2b: Amoonguss|Amoonguss, L50, M|68/100\n|move|p2a: Zacian|Protect|p2a: Zacian\n|-singleturn|p2a: Zacian|Protect\n|move|p1b: Miraidon|Electro Drift|p2a: Zacian\n|-activate|p2a: Zacian|move: Protect\n|move|p1a: Zamazenta|Body Press|p2b: Amoonguss\n|-resisted|p2b: Amoonguss\n|-damage|p2b: Amoonguss|39/100\n|-damage|p1a: Zamazenta|84/100|[from] item: Rocky Helmet|[of] p2b: Amoonguss\n|\n|-weather|RainDance|[upkeep]\n|-sideend|p1: carrotbeafsteak|move: Tailwind\n|upkeep\n|turn|5\n|\n|t:|1746001252\n|move|p2b: Amoonguss|Rage Powder|p2b: Amoonguss\n|-singleturn|p2b: Amoonguss|move: Rage Powder\n|move|p2a: Zacian|Play Rough|p1b: Miraidon\n|-supereffective|p1b: Miraidon\n|-damage|p1b: Miraidon|0 fnt\n|faint|p1b: Miraidon\n|move|p1a: Zamazenta|Body Press|p2b: Amoonguss\n|-resisted|p2b: Amoonguss\n|-damage|p2b: Amoonguss|12/100\n|-damage|p1a: Zamazenta|68/100|[from] item: Rocky Helmet|[of] p2b: Amoonguss\n|\n|-weather|none\n|upkeep\n|turn|6\n|inactive|Battle timer is ON: inactive players will automatically lose when time's up. (requested by frankino98)\n|-message|carrotbeafsteak forfeited.\n|raw|carrotbeafsteak's rating: 1227 &rarr; <strong>1195</strong><br />(-32 for losing)\n|raw|frankino98's rating: 1125 &rarr; <strong>1157</strong><br />(+32 for winning)\n|\n|win|frankino98\n|l|\u2606carrotbeafsteak\n|player|p1|\n|l|\u2606frankino98\n|player|p2|\n", "uploadtime": 1746001580, "views": 9, "formatid": "gen9vgc2025regibo3", "rating": 1157, "private": 0, "password": null}