{"id": "gen9vgc2025regibo3-2354281022", "format": "[Gen 9] VGC 2025 Reg I (Bo3)", "players": ["wicked glowstone", "BlueKnightmare"], "log": "|j|\u2606wicked glowstone\n|j|\u2606BlueKnightmare\n|html|<table width=\"100%\"><tr><td align=\"left\">wicked glowstone</td><td align=\"right\">BlueKnightmare</tr><tr><td align=\"left\"><i class=\"fa fa-circle\"></i> <i class=\"fa fa-circle-o\"></i> </td><td align=\"right\"><i class=\"fa fa-circle-o\"></i> <i class=\"fa fa-circle-o\"></i> </tr></table>\n|uhtml|bestof|<h2><strong>Game 2</strong> of <a href=\"/game-bestof3-gen9vgc2025regibo3-2354279785\">a best-of-3</a></h2>\n|t:|1746052425\n|gametype|doubles\n|player|p1|wicked glowstone|li|1212\n|player|p2|BlueKnightmare|turo-ai|1179\n|teamsize|p1|6\n|teamsize|p2|6\n|gen|9\n|tier|[Gen 9] VGC 2025 Reg I (Bo3)\n|rated|\n|rule|Species Clause: Limit one of each Pok\u00e9mon\n|rule|Item Clause: Limit 1 of each item\n|clearpoke\n|poke|p1|Calyrex-Ice, L50|\n|poke|p1|Kyogre, L50|\n|poke|p1|Roaring Moon, L50|\n|poke|p1|Landorus, L50, M|\n|poke|p1|Urshifu-*, L50, M|\n|poke|p1|Amoonguss, L50, M|\n|poke|p2|Palkia, L50|\n|poke|p2|Calyrex-Ice, L50|\n|poke|p2|Pelipper, L50, M|\n|poke|p2|Rillaboom, L50, M|\n|poke|p2|Incineroar, L50, M|\n|poke|p2|Iron Treads, L50|\n|teampreview|4\n|showteam|p1|Calyrex-Ice||ClearAmulet|AsOneGlastrier|GlacialLance,HighHorsepower,Protect,TrickRoom||||||50|,,,,,Fairy]Kyogre||AssaultVest|Drizzle|WaterSpout,OriginPulse,Thunder,IceBeam||||||50|,,,,,Grass]Roaring Moon||BoosterEnergy|Protosynthesis|KnockOff,Acrobatics,Tailwind,Protect||||||50|,,,,,Flying]Landorus||LifeOrb|SheerForce|EarthPower,SandsearStorm,SludgeBomb,Protect|||M|||50|,,,,,Water]Urshifu-Rapid-Strike||ChoiceScarf|UnseenFist|SurgingStrikes,CloseCombat,Uturn,RainDance|||M|||50|,,,,,Ghost]Amoonguss||CovertCloak|Regenerator|Spore,RagePowder,PollenPuff,Protect|||M|||50|,,,,,Fairy\n|showteam|p2|Palkia||WideLens|Pressure|HydroPump,TrickRoom,Protect,SpacialRend||||||50|,,,,,Water]Calyrex-Ice||ClearAmulet|AsOneGlastrier|CloseCombat,Protect,TrickRoom,GlacialLance||||||50|,,,,,Fire]Pelipper||FocusSash|Drizzle|WeatherBall,Tailwind,WideGuard,Hurricane|||M|||50|,,,,,Ground]Rillaboom||AssaultVest|GrassySurge|FakeOut,GrassyGlide,Uturn,WoodHammer|||M|||50|,,,,,Fire]Incineroar||CovertCloak|Intimidate|FakeOut,KnockOff,PartingShot,Taunt|||M|||50|,,,,,Ghost]Iron Treads||LifeOrb|QuarkDrive|Protect,IronHead,HighHorsepower,SteelRoller||||||50|,,,,,Water\n|inactive|Battle timer is ON: inactive players will automatically lose when time's up. (requested by wicked glowstone)\n|c|\u2606BlueKnightmare|gl hf\n|\n|t:|1746052445\n|start\n|switch|p1a: Kyogre|Kyogre, L50|100/100\n|switch|p1b: Urshifu|Urshifu-Rapid-Strike, L50, M|100/100\n|switch|p2a: Incineroar|Incineroar, L50, M|100/100\n|switch|p2b: Palki|Palkia, L50|100/100\n|-weather|RainDance|[from] ability: Drizzle|[of] p1a: Kyogre\n|-ability|p2b: Palki|Pressure\n|-ability|p2a: Incineroar|Intimidate|boost\n|-unboost|p1a: Kyogre|atk|1\n|-unboost|p1b: Urshifu|atk|1\n|turn|1\n|\n|t:|1746052459\n|move|p2a: Incineroar|Fake Out|p1a: Kyogre\n|-damage|p1a: Kyogre|90/100\n|move|p1b: Urshifu|Surging Strikes|p2a: Incineroar\n|-supereffective|p2a: Incineroar\n|-crit|p2a: Incineroar\n|-damage|p2a: Incineroar|49/100\n|-supereffective|p2a: Incineroar\n|-crit|p2a: Incineroar\n|-damage|p2a: Incineroar|3/100\n|-supereffective|p2a: Incineroar\n|-crit|p2a: Incineroar\n|-damage|p2a: Incineroar|0 fnt\n|faint|p2a: Incineroar\n|-hitcount|p2: Incineroar|3\n|cant|p1a: Kyogre|flinch\n|move|p2b: Palki|Spacial Rend|p1b: Urshifu\n|-damage|p1b: Urshifu|5/100\n|\n|-weather|RainDance|[upkeep]\n|upkeep\n|c|\u2606wicked glowstone|do you know what's the effect of the move taunt you used turn 1 on my calyice?\n|c|\u2606wicked glowstone|the previews game i mean\n|c|\u2606BlueKnightmare|yes it prevents using status moves\n|c|\u2606wicked glowstone|ok\n|inactive|BlueKnightmare has 30 seconds left.\n|c|\u2606BlueKnightmare|(non damaging moves)\n|c|\u2606wicked glowstone|why dont you kill my calyice then\n|inactive|BlueKnightmare has 20 seconds left.\n|c|\u2606wicked glowstone|you had a free kill\n|c|\u2606BlueKnightmare|its a common tactic to stop trick room\n|c|\u2606wicked glowstone|and you would have won the game\n|inactive|BlueKnightmare has 15 seconds left.\n|c|\u2606BlueKnightmare|I didnt\n|inactive|BlueKnightmare has 10 seconds left.\n|\n|t:|1746052508\n|switch|p2a: Calyrex|Calyrex-Ice, L50|100/100\n|-ability|p2a: Calyrex|As One\n|-ability|p2a: Calyrex|Unnerve\n|turn|2\n|c|\u2606wicked glowstone|i was taunted so i couldnt protect\n|c|\u2606BlueKnightmare|you would have survived or rage powderd\n|c|\u2606wicked glowstone|and you had palkia tera water under rain\n|\n|t:|1746052528\n|move|p1b: Urshifu|Surging Strikes|p2a: Calyrex\n|-crit|p2a: Calyrex\n|-damage|p2a: Calyrex|80/100\n|-crit|p2a: Calyrex\n|-damage|p2a: Calyrex|60/100\n|-crit|p2a: Calyrex\n|-damage|p2a: Calyrex|40/100\n|-hitcount|p2a: Calyrex|3\n|move|p1a: Kyogre|Water Spout|p2a: Calyrex|[spread] p2a,p2b\n|-resisted|p2b: Palki\n|-damage|p2a: Calyrex|0 fnt\n|-damage|p2b: Palki|84/100\n|faint|p2a: Calyrex\n|move|p2b: Palki|Spacial Rend|p1a: Kyogre\n|-damage|p1a: Kyogre|60/100\n|\n|-weather|RainDance|[upkeep]\n|upkeep\n|c|\u2606BlueKnightmare|which turn\n|c|\u2606wicked glowstone|4\n|inactive|BlueKnightmare has 30 seconds left.\n|inactive|BlueKnightmare has 20 seconds left.\n|inactive|BlueKnightmare has 15 seconds left.\n|c|\u2606BlueKnightmare|I needed palkia to survive\n|\n|t:|1746052572\n|switch|p2a: Pelipper|Pelipper, L50, M|100/100\n|turn|3\n|c|\u2606wicked glowstone|I mean\n|\n|t:|1746052582\n|move|p1b: Urshifu|Surging Strikes|p2a: Pelipper\n|-resisted|p2a: Pelipper\n|-crit|p2a: Pelipper\n|-damage|p2a: Pelipper|76/100\n|-resisted|p2a: Pelipper\n|-crit|p2a: Pelipper\n|-damage|p2a: Pelipper|52/100\n|-resisted|p2a: Pelipper\n|-crit|p2a: Pelipper\n|-damage|p2a: Pelipper|30/100\n|-hitcount|p2a: Pelipper|3\n|move|p2a: Pelipper|Hurricane|p1a: Kyogre\n|-damage|p1a: Kyogre|39/100\n|-start|p1a: Kyogre|confusion\n|-activate|p1a: Kyogre|confusion\n|move|p1a: Kyogre|Thunder|p2a: Pelipper\n|-supereffective|p2a: Pelipper\n|-damage|p2a: Pelipper|0 fnt\n|faint|p2a: Pelipper\n|move|p2b: Palki|Spacial Rend|p1a: Kyogre\n|-damage|p1a: Kyogre|10/100\n|\n|-weather|RainDance|[upkeep]\n|upkeep\n|turn|4\n|c|\u2606wicked glowstone|if you trade ubers\n|c|\u2606wicked glowstone|and you also lived that thunder\n|c|\u2606BlueKnightmare|my Rex would have lost to yours\n|c|\u2606BlueKnightmare|I dint know it would\n|inactive|BlueKnightmare has 30 seconds left.\n|\n|t:|1746052610\n|move|p1b: Urshifu|Surging Strikes|p2b: Palki\n|-resisted|p2b: Palki\n|-crit|p2b: Palki\n|-damage|p2b: Palki|77/100\n|-resisted|p2b: Palki\n|-crit|p2b: Palki\n|-damage|p2b: Palki|70/100\n|-resisted|p2b: Palki\n|-crit|p2b: Palki\n|-damage|p2b: Palki|63/100\n|-hitcount|p2b: Palki|3\n|-end|p1a: Kyogre|confusion\n|move|p1a: Kyogre|Thunder|p2b: Palki\n|-damage|p2b: Palki|26/100\n|move|p2b: Palki|Spacial Rend|p1a: Kyogre\n|-damage|p1a: Kyogre|0 fnt\n|faint|p1a: Kyogre\n|\n|-weather|RainDance|[upkeep]\n|upkeep\n|c|\u2606wicked glowstone|you would have killed my calyice\n|c|\u2606wicked glowstone|and then you win\n|c|\u2606BlueKnightmare|anyway ggwp\n|\n|t:|1746052616\n|switch|p1a: Landorus|Landorus, L50, M|100/100\n|turn|5\n|c|\u2606wicked glowstone|cuz you lived thunder\n|c|\u2606wicked glowstone|gg\n|inactive|BlueKnightmare has 30 seconds left.\n|inactive|BlueKnightmare has 20 seconds left.\n|inactive|BlueKnightmare has 15 seconds left.\n|inactive|BlueKnightmare has 10 seconds left.\n|\n|t:|1746052663\n|-terastallize|p1a: Landorus|Water\n|move|p1a: Landorus|Protect|p1a: Landorus\n|-singleturn|p1a: Landorus|Protect\n|move|p1b: Urshifu|Surging Strikes|p1a: Landorus\n|-resisted|p1a: Landorus\n|-crit|p1a: Landorus\n|-damage|p1a: Landorus|85/100\n|-resisted|p1a: Landorus\n|-crit|p1a: Landorus\n|-damage|p1a: Landorus|66/100\n|-resisted|p1a: Landorus\n|-crit|p1a: Landorus\n|-damage|p1a: Landorus|50/100\n|-hitcount|p1a: Landorus|3\n|move|p2b: Palki|Hydro Pump|p1a: Landorus\n|-activate|p1a: Landorus|move: Protect\n|\n|-weather|none\n|upkeep\n|turn|6\n|-message|BlueKnightmare forfeited.\n|raw|wicked glowstone's rating: 1212 &rarr; <strong>1235</strong><br />(+23 for winning)\n|raw|BlueKnightmare's rating: 1179 &rarr; <strong>1156</strong><br />(-23 for losing)\n|\n|win|wicked glowstone\n|l|\u2606BlueKnightmare\n|player|p2|\n|l|\u2606wicked glowstone\n|player|p1|\n", "uploadtime": 1746052960, "views": 7, "formatid": "gen9vgc2025regibo3", "rating": 1156, "private": 0, "password": null}