{"id": "gen9vgc2025regibo3-2353750233", "format": "[Gen 9] VGC 2025 Reg I (Bo3)", "players": ["LackieLackey", "Yggdrasil1992"], "log": "|j|\u2606LackieLackey\n|j|\u2606Yggdrasil1992\n|html|<table width=\"100%\"><tr><td align=\"left\">LackieLackey</td><td align=\"right\">Yggdrasil1992</tr><tr><td align=\"left\"><i class=\"fa fa-circle-o\"></i> <i class=\"fa fa-circle-o\"></i> </td><td align=\"right\"><i class=\"fa fa-circle-o\"></i> <i class=\"fa fa-circle-o\"></i> </tr></table>\n|uhtml|bestof|<h2><strong>Game 1</strong> of <a href=\"/game-bestof3-gen9vgc2025regibo3-2353750232\">a best-of-3</a></h2>\n|t:|1745993605\n|gametype|doubles\n|player|p1|LackieLackey|266|1033\n|player|p2|Yggdrasil1992|266|1073\n|teamsize|p1|6\n|teamsize|p2|6\n|gen|9\n|tier|[Gen 9] VGC 2025 Reg I (Bo3)\n|rated|\n|rule|Species Clause: Limit one of each Pok\u00e9mon\n|rule|Item Clause: Limit 1 of each item\n|clearpoke\n|poke|p1|Maushold-Four, L50|\n|poke|p1|Kyogre, L50|\n|poke|p1|Lunala, L50|\n|poke|p1|Raging Bolt, L50|\n|poke|p1|Bruxish, L50, M|\n|poke|p1|Chien-Pao, L50|\n|poke|p2|Alcremie, L50, F|\n|poke|p2|Kyogre, L50|\n|poke|p2|Calyrex-Ice, L50|\n|poke|p2|Grimmsnarl, L50, M|\n|poke|p2|Thundurus, L50, M|\n|poke|p2|Ceruledge, L50, M|\n|teampreview|4\n|showteam|p1|Maushold-Four||WideLens|Technician|PopulationBomb,FollowMe,BeatUp,Protect||||||50|,,,,,Normal]Kyogre||ChoiceScarf|Drizzle|WaterSpout,Thunder,IceBeam,OriginPulse||||||50|,,,,,Water]Lunala||PowerHerb|ShadowShield|MoongeistBeam,TrickRoom,MeteorBeam,Moonblast||||||50|,,,,,Fairy]Raging Bolt||AssaultVest|Protosynthesis|Thunderclap,DracoMeteor,Thunderbolt,VoltSwitch||||||50|,,,,,Electric]Bruxish||LifeOrb|Dazzling|PsychicFangs,WaveCrash,TeraBlast,Protect|||M|||50|,,,,,Ground]Chien-Pao||FocusSash|SwordofRuin|SuckerPunch,SacredSword,IceSpinner,Protect||||||50|,,,,,Ghost\n|showteam|p2|Alcremie||SitrusBerry|AromaVeil|Decorate,Encore,DrainingKiss,HelpingHand|||F|||50|,,,,,Poison]Kyogre||Leftovers|Drizzle|OriginPulse,AquaRing,TeraBlast,Protect||||||50|,,,,,Ground]Calyrex-Ice||CovertCloak|AsOneGlastrier|GlacialLance,DrainingKiss,HighHorsepower,TrickRoom||||||50|,,,,,Fairy]Grimmsnarl||AbilityShield|Prankster|ThunderWave,SuckerPunch,PlayRough,PartingShot|||M|||50|,,,,,Ghost]Thundurus||FocusSash|Prankster|ThunderWave,SludgeBomb,Taunt,WildboltStorm|||M|||50|,,,,,Electric]Ceruledge||PowerHerb|FlashFire|BitterBlade,BulkUp,Protect,PhantomForce|||M|||50|,,,,,Grass\n|\n|t:|1745993670\n|start\n|switch|p1a: Kyogre|Kyogre, L50|100/100\n|switch|p1b: Bruxish|Bruxish, L50, M|100/100\n|switch|p2a: Alcremie|Alcremie, L50, F|100/100\n|switch|p2b: Calyrex|Calyrex-Ice, L50|100/100\n|-ability|p2b: Calyrex|As One\n|-ability|p2b: Calyrex|Unnerve\n|-weather|RainDance|[from] ability: Drizzle|[of] p1a: Kyogre\n|turn|1\n|\n|t:|1745993698\n|move|p1a: Kyogre|Water Spout|p2b: Calyrex|[spread] p2a,p2b\n|-damage|p2a: Alcremie|15/100\n|-damage|p2b: Calyrex|37/100\n|-enditem|p2a: Alcremie|Sitrus Berry|[eat]\n|-heal|p2a: Alcremie|40/100|[from] item: Sitrus Berry\n|move|p1b: Bruxish|Wave Crash|p2b: Calyrex\n|-damage|p2b: Calyrex|0 fnt\n|faint|p2b: Calyrex\n|-damage|p1b: Bruxish|86/100|[from] Recoil\n|-damage|p1b: Bruxish|76/100|[from] item: Life Orb\n|move|p2a: Alcremie|Decorate|p2: Calyrex|[notarget]\n|-fail|p2a: Alcremie\n|\n|-weather|RainDance|[upkeep]\n|upkeep\n|-message|Yggdrasil1992 forfeited.\n|\n|win|LackieLackey\n|l|\u2606Yggdrasil1992\n|player|p2|\n||LackieLackey is ready for game 2.\n|raw|LackieLackey's rating: 1033 &rarr; <strong>1072</strong><br />(+39 for winning)\n|raw|Yggdrasil1992's rating: 1073 &rarr; <strong>1050</strong><br />(-23 for losing)\n|l|\u2606LackieLackey\n|player|p1|\n", "uploadtime": 1745994088, "views": 6, "formatid": "gen9vgc2025regibo3", "rating": 1050, "private": 0, "password": null}