{"id": "gen9vgc2025regibo3-2354379603", "format": "[Gen 9] VGC 2025 Reg I (Bo3)", "players": ["dandude27", "Shirteasy22"], "log": "|j|\u2606dandude27\n|j|\u2606Shirteasy22\n|html|<table width=\"100%\"><tr><td align=\"left\">dandude27</td><td align=\"right\">Shirteasy22</tr><tr><td align=\"left\"><i class=\"fa fa-circle\"></i> <i class=\"fa fa-circle-o\"></i> </td><td align=\"right\"><i class=\"fa fa-circle-o\"></i> <i class=\"fa fa-circle\"></i> </tr></table>\n|uhtml|bestof|<h2><strong>Game 3</strong> of <a href=\"/game-bestof3-gen9vgc2025regibo3-2354372274\">a best-of-3</a></h2>\n|t:|1746064161\n|gametype|doubles\n|player|p1|dandude27|169|1118\n|player|p2|Shirteasy22|dancer|1106\n|teamsize|p1|6\n|teamsize|p2|6\n|gen|9\n|tier|[Gen 9] VGC 2025 Reg I (Bo3)\n|rated|\n|rule|Species Clause: Limit one of each Pok\u00e9mon\n|rule|Item Clause: Limit 1 of each item\n|clearpoke\n|poke|p1|Flutter Mane, L50|\n|poke|p1|Koraidon, L50|\n|poke|p1|Chi-Yu, L50|\n|poke|p1|Tornadus, L50, M|\n|poke|p1|Calyrex-Shadow, L50|\n|poke|p1|Indeedee-F, L50, F|\n|poke|p2|Calyrex-Shadow, L50|\n|poke|p2|Thundurus, L50, M|\n|poke|p2|Koraidon, L50|\n|poke|p2|Clefairy, L50, F|\n|poke|p2|Incineroar, L50, F|\n|poke|p2|Ting-Lu, L50|\n|teampreview|4\n|showteam|p1|Flutter Mane||FocusSash|Protosynthesis|Moonblast,IcyWind,ShadowBall,Protect||||||50|,,,,,Fairy]Koraidon||ClearAmulet|OrichalcumPulse|FlareBlitz,FlameCharge,CollisionCourse,Protect||||||50|,,,,,Fire]Chi-Yu||ChoiceScarf|BeadsofRuin|Overheat,HeatWave,DarkPulse,Snarl||||||50|,,,,,Ghost]Tornadus||CovertCloak|Prankster|BleakwindStorm,Tailwind,SunnyDay,Taunt|||M|||50|,,,,,Dark]Calyrex-Shadow||LifeOrb|AsOneSpectrier|AstralBarrage,ExpandingForce,NastyPlot,Protect||||||50|,,,,,Dark]Indeedee-F||SafetyGoggles|PsychicSurge|TrickRoom,FollowMe,Imprison,HelpingHand|||F|||50|,,,,,Fairy\n|showteam|p2|Calyrex-Shadow||LifeOrb|AsOneSpectrier|AstralBarrage,Encore,Protect,DrainingKiss||||||50|,,,,,Fairy]Thundurus||WideLens|Prankster|ThunderWave,WildboltStorm,Protect,Taunt|||M|||50|,,,,,Steel]Koraidon||ClearAmulet|OrichalcumPulse|CollisionCourse,Protect,FlareBlitz,FlameCharge||||||50|,,,,,Fire]Clefairy||Eviolite|FriendGuard|FollowMe,AfterYou,HelpingHand,IcyWind|||F|||50|,,,,,Fairy]Incineroar||ChopleBerry|Intimidate|FlareBlitz,KnockOff,PartingShot,FakeOut|||F|||50|,,,,,Water]Ting-Lu||AssaultVest|VesselofRuin|ThroatChop,Snarl,Fissure,StompingTantrum||||||50|,,,,,Ghost\n|inactive|Battle timer is ON: inactive players will automatically lose when time's up. (requested by dandude27)\n|\n|t:|1746064176\n|start\n|switch|p1a: Koraidon|Koraidon, L50|100/100\n|switch|p1b: Chi-Yu|Chi-Yu, L50|100/100\n|switch|p2a: Clefairy|Clefairy, L50, F|100/100\n|switch|p2b: Koraidon|Koraidon, L50|100/100\n|-ability|p1b: Chi-Yu|Beads of Ruin\n|-weather|SunnyDay|[from] ability: Orichalcum Pulse|[of] p1a: Koraidon\n|-activate|p1a: Koraidon|Orichalcum Pulse|[source]\n|-activate|p2b: Koraidon|ability: Orichalcum Pulse\n|turn|1\n|inactive|dandude27 has 30 seconds left.\n|\n|t:|1746064204\n|switch|p1b: Flutter Mane|Flutter Mane, L50|100/100\n|-activate|p1b: Flutter Mane|ability: Protosynthesis\n|-start|p1b: Flutter Mane|protosynthesisspe\n|move|p2a: Clefairy|Follow Me|p2a: Clefairy\n|-singleturn|p2a: Clefairy|move: Follow Me\n|move|p1a: Koraidon|Flame Charge|p2a: Clefairy\n|-damage|p2a: Clefairy|66/100\n|-boost|p1a: Koraidon|spe|1\n|move|p2b: Koraidon|Flame Charge|p1b: Flutter Mane\n|-damage|p1b: Flutter Mane|34/100\n|-boost|p2b: Koraidon|spe|1\n|\n|-weather|SunnyDay|[upkeep]\n|upkeep\n|turn|2\n|inactive|dandude27 has 30 seconds left.\n|inactive|Shirteasy22 has 30 seconds left.\n|inactive|Shirteasy22 has 20 seconds left.\n|inactive|Shirteasy22 has 15 seconds left.\n|\n|t:|1746064245\n|-terastallize|p1a: Koraidon|Fire\n|move|p1b: Flutter Mane|Protect|p1b: Flutter Mane\n|-singleturn|p1b: Flutter Mane|Protect\n|move|p2a: Clefairy|Follow Me|p2a: Clefairy\n|-singleturn|p2a: Clefairy|move: Follow Me\n|move|p1a: Koraidon|Flare Blitz|p2a: Clefairy\n|-crit|p2a: Clefairy\n|-damage|p2a: Clefairy|0 fnt\n|faint|p2a: Clefairy\n|-damage|p1a: Koraidon|82/100|[from] Recoil\n|move|p2b: Koraidon|Flame Charge|p1a: Koraidon\n|-resisted|p1a: Koraidon\n|-damage|p1a: Koraidon|67/100\n|-boost|p2b: Koraidon|spe|1\n|\n|-weather|SunnyDay|[upkeep]\n|upkeep\n|\n|t:|1746064264\n|switch|p2a: Ting-Lu|Ting-Lu, L50|100/100\n|-ability|p2a: Ting-Lu|Vessel of Ruin\n|turn|3\n|inactive|Shirteasy22 has 30 seconds left.\n|\n|t:|1746064293\n|-terastallize|p2a: Ting-Lu|Ghost\n|move|p2b: Koraidon|Protect|p2b: Koraidon\n|-singleturn|p2b: Koraidon|Protect\n|move|p1b: Flutter Mane|Moonblast|p2b: Koraidon\n|-activate|p2b: Koraidon|move: Protect\n|move|p1a: Koraidon|Collision Course|p2a: Ting-Lu\n|-immune|p2a: Ting-Lu\n|move|p2a: Ting-Lu|Stomping Tantrum|p1a: Koraidon\n|-supereffective|p1a: Koraidon\n|-damage|p1a: Koraidon|22/100\n|\n|-weather|SunnyDay|[upkeep]\n|upkeep\n|turn|4\n|inactive|dandude27 has 30 seconds left.\n|inactive|Shirteasy22 has 30 seconds left.\n|inactive|dandude27 has 20 seconds left.\n|\n|t:|1746064330\n|move|p2b: Koraidon|Flame Charge|p1b: Flutter Mane\n|-damage|p1b: Flutter Mane|0 fnt\n|-boost|p2b: Koraidon|spe|1\n|faint|p1b: Flutter Mane\n|-end|p1b: Flutter Mane|Protosynthesis|[silent]\n|move|p1a: Koraidon|Flame Charge|p2a: Ting-Lu\n|-damage|p2a: Ting-Lu|61/100\n|-boost|p1a: Koraidon|spe|1\n|move|p2a: Ting-Lu|Stomping Tantrum|p1a: Koraidon\n|-supereffective|p1a: Koraidon\n|-damage|p1a: Koraidon|0 fnt\n|faint|p1a: Koraidon\n|\n|-weather|SunnyDay|[upkeep]\n|upkeep\n|\n|t:|1746064343\n|switch|p1b: Calyrex|Calyrex-Shadow, L50|100/100\n|switch|p1a: Chi-Yu|Chi-Yu, L50|100/100\n|-ability|p1b: Calyrex|As One\n|-ability|p1b: Calyrex|Unnerve\n|-ability|p1a: Chi-Yu|Beads of Ruin\n|turn|5\n|inactive|dandude27 has 30 seconds left.\n|inactive|dandude27 has 20 seconds left.\n|inactive|dandude27 has 15 seconds left.\n|\n|t:|1746064385\n|move|p2b: Koraidon|Collision Course|p1a: Chi-Yu\n|-supereffective|p1a: Chi-Yu\n|-damage|p1a: Chi-Yu|0 fnt\n|faint|p1a: Chi-Yu\n|move|p1b: Calyrex|Astral Barrage|p2b: Koraidon|[spread] p2a,p2b\n|-supereffective|p2a: Ting-Lu\n|-damage|p2a: Ting-Lu|20/100\n|-damage|p2b: Koraidon|52/100\n|-damage|p1b: Calyrex|91/100|[from] item: Life Orb\n|move|p2a: Ting-Lu|Snarl|p1b: Calyrex\n|-supereffective|p1b: Calyrex\n|-damage|p1b: Calyrex|29/100\n|-unboost|p1b: Calyrex|spa|1\n|\n|-weather|none\n|upkeep\n|turn|6\n|-message|dandude27 forfeited.\n|raw|dandude27's rating: 1118 &rarr; <strong>1092</strong><br />(-26 for losing)\n|raw|Shirteasy22's rating: 1106 &rarr; <strong>1132</strong><br />(+26 for winning)\n|\n|win|Shirteasy22\n|l|\u2606dandude27\n|player|p1|\n", "uploadtime": 1746064432, "views": 16, "formatid": "gen9vgc2025regibo3", "rating": 1092, "private": 0, "password": null}