{"id": "gen9vgc2025regibo3-2353650939", "format": "[Gen 9] VGC 2025 Reg I (Bo3)", "players": ["CrossGuild95", "bigboyblue3451"], "log": "|j|\u2606CrossGuild95\n|j|\u2606bigboyblue3451\n|html|<table width=\"100%\"><tr><td align=\"left\">CrossGuild95</td><td align=\"right\">bigboyblue3451</tr><tr><td align=\"left\"><i class=\"fa fa-circle-o\"></i> <i class=\"fa fa-circle-o\"></i> </td><td align=\"right\"><i class=\"fa fa-circle-o\"></i> <i class=\"fa fa-circle-o\"></i> </tr></table>\n|uhtml|bestof|<h2><strong>Game 1</strong> of <a href=\"/game-bestof3-gen9vgc2025regibo3-2353650938\">a best-of-3</a></h2>\n|t:|1745979098\n|gametype|doubles\n|player|p1|CrossGuild95|n|1082\n|player|p2|bigboyblue3451|1|1105\n|teamsize|p1|6\n|teamsize|p2|6\n|gen|9\n|tier|[Gen 9] VGC 2025 Reg I (Bo3)\n|rated|\n|rule|Species Clause: Limit one of each Pok\u00e9mon\n|rule|Item Clause: Limit 1 of each item\n|clearpoke\n|poke|p1|Enamorus-Therian, L50, F|\n|poke|p1|Dialga-Origin, L50|\n|poke|p1|Ursaluna, L50, M|\n|poke|p1|Ho-Oh, L50|\n|poke|p1|Iron Hands, L50|\n|poke|p1|Farigiraf, L50, F|\n|poke|p2|Miraidon, L50|\n|poke|p2|Ho-Oh, L50|\n|poke|p2|Iron Hands, L50|\n|poke|p2|Farigiraf, L50, M|\n|poke|p2|Chien-Pao, L50|\n|poke|p2|Urshifu-*, L50, M|\n|teampreview|4\n|showteam|p1|Enamorus-Therian||LifeOrb|Overcoat|Protect,Moonblast,SludgeBomb,EarthPower|||F|||50|,,,,,Poison]Dialga-Origin||AdamantCrystal|Telepathy|DracoMeteor,FlashCannon,TrickRoom,AuraSphere||||||50|,,,,,Ghost]Ursaluna||FlameOrb|Guts|Earthquake,Facade,Protect,HeadlongRush|||M|||50|,,,,,Fairy]Ho-Oh||ClearAmulet|Regenerator|SacredFire,BraveBird,LifeDew,Protect||||||50|,,,,,Grass]Iron Hands||AssaultVest|QuarkDrive|FakeOut,DrainPunch,VoltSwitch,WildCharge||||||50|,,,,,Fire]Farigiraf||SafetyGoggles|ArmorTail|HelpingHand,TrickRoom,DazzlingGleam,Psychic|||F|||50|,,,,,Fairy\n|showteam|p2|Miraidon||ChoiceSpecs|HadronEngine|ElectroDrift,DracoMeteor,VoltSwitch,DazzlingGleam||||||50|,,,,,Fairy]Ho-Oh||ClearAmulet|Regenerator|SacredFire,BraveBird,Tailwind,Protect||||||50|,,,,,Grass]Iron Hands||AssaultVest|QuarkDrive|DrainPunch,WildCharge,LowKick,FakeOut||||||50|,,,,,Water]Farigiraf||ElectricSeed|ArmorTail|FoulPlay,Psychic,HelpingHand,TrickRoom|||M|||50|,,,,,Fairy]Chien-Pao||FocusSash|SwordofRuin|IcicleCrash,SuckerPunch,ThroatChop,Protect||||||50|,,,,,Ghost]Urshifu-Rapid-Strike||ChoiceScarf|UnseenFist|SurgingStrikes,AquaJet,CloseCombat,Uturn|||M|||50|,,,,,Water\n|inactive|Battle timer is ON: inactive players will automatically lose when time's up. (requested by bigboyblue3451)\n|\n|t:|1745979155\n|start\n|switch|p1a: Dialga|Dialga-Origin, L50|100/100\n|switch|p1b: Kuma|Iron Hands, L50|100/100\n|switch|p2a: Miraidon|Miraidon, L50|100/100\n|switch|p2b: Ho-Oh|Ho-Oh, L50|100/100\n|-fieldstart|move: Electric Terrain|[from] ability: Hadron Engine|[of] p2a: Miraidon\n|-activate|p1b: Kuma|ability: Quark Drive\n|-start|p1b: Kuma|quarkdriveatk\n|turn|1\n|inactive|CrossGuild95 has 30 seconds left.\n|inactive|bigboyblue3451 has 30 seconds left.\n|inactive|CrossGuild95 has 20 seconds left.\n|inactive|bigboyblue3451 has 20 seconds left.\n|inactive|CrossGuild95 has 15 seconds left.\n|\n|t:|1745979195\n|switch|p2b: Farigiraf|Farigiraf, L50, M|100/100\n|-enditem|p2b: Farigiraf|Electric Seed\n|-boost|p2b: Farigiraf|def|1|[from] item: Electric Seed\n|move|p2a: Miraidon|Draco Meteor|p1a: Dialga\n|-damage|p1a: Dialga|0 fnt\n|-unboost|p2a: Miraidon|spa|2\n|faint|p1a: Dialga\n|move|p1b: Kuma|Volt Switch|p2b: Farigiraf\n|-damage|p2b: Farigiraf|81/100\n|\n|t:|1745979212\n|-end|p1b: Kuma|Quark Drive|[silent]\n|switch|p1b: Ursaluna|Ursaluna, L50, M|100/100|[from] Volt Switch\n|\n|-status|p1b: Ursaluna|brn|[from] item: Flame Orb\n|upkeep\n|\n|t:|1745979224\n|switch|p1a: Marco|Ho-Oh, L50|100/100\n|turn|2\n|\n|t:|1745979242\n|switch|p2a: Ho-Oh|Ho-Oh, L50|100/100\n|move|p1a: Marco|Sacred Fire|p2b: Farigiraf\n|-damage|p2b: Farigiraf|50/100\n|move|p2b: Farigiraf|Psychic|p1b: Ursaluna\n|-damage|p1b: Ursaluna|69/100 brn\n|move|p1b: Ursaluna|Facade|p2a: Ho-Oh\n|-damage|p2a: Ho-Oh|1/100\n|\n|-damage|p1b: Ursaluna|63/100 brn|[from] brn\n|upkeep\n|turn|3\n|inactive|CrossGuild95 has 30 seconds left.\n|\n|t:|1745979269\n|move|p1b: Ursaluna|Protect|p1b: Ursaluna\n|-singleturn|p1b: Ursaluna|Protect\n|move|p2a: Ho-Oh|Sacred Fire|p1b: Ursaluna\n|-activate|p1b: Ursaluna|move: Protect\n|move|p1a: Marco|Life Dew||[still]|[spread] p1a,p1b\n|-fail|p1a: Marco|heal\n|-heal|p1b: Ursaluna|88/100 brn\n|move|p2b: Farigiraf|Foul Play|p1b: Ursaluna\n|-activate|p1b: Ursaluna|move: Protect\n|\n|-damage|p1b: Ursaluna|82/100 brn|[from] brn\n|upkeep\n|turn|4\n|inactive|CrossGuild95 has 30 seconds left.\n|inactive|CrossGuild95 has 20 seconds left.\n|inactive|bigboyblue3451 has 30 seconds left.\n|\n|t:|1745979307\n|switch|p2a: Iron Hands|Iron Hands, L50|100/100\n|-activate|p2a: Iron Hands|ability: Quark Drive\n|-start|p2a: Iron Hands|quarkdriveatk\n|move|p1a: Marco|Sacred Fire|p2b: Farigiraf\n|-damage|p2b: Farigiraf|19/100\n|-status|p2b: Farigiraf|brn\n|move|p2b: Farigiraf|Foul Play|p1b: Ursaluna\n|-damage|p1b: Ursaluna|69/100 brn\n|move|p1b: Ursaluna|Earthquake|p2a: Iron Hands|[spread] p2a,p2b\n|-immune|p1a: Marco\n|-supereffective|p2a: Iron Hands\n|-damage|p2a: Iron Hands|11/100\n|-damage|p2b: Farigiraf|0 fnt\n|faint|p2b: Farigiraf\n|\n|-damage|p1b: Ursaluna|64/100 brn|[from] brn\n|upkeep\n|\n|t:|1745979315\n|switch|p2b: Miraidon|Miraidon, L50|100/100\n|-activate|p2b: Miraidon|ability: Hadron Engine\n|turn|5\n|inactive|CrossGuild95 has 30 seconds left.\n|inactive|CrossGuild95 has 20 seconds left.\n|inactive|CrossGuild95 has 15 seconds left.\n|inactive|CrossGuild95 has 10 seconds left.\n|\n|t:|1745979364\n|switch|p1a: Kuma|Iron Hands, L50|100/100\n|-activate|p1a: Kuma|ability: Quark Drive\n|-start|p1a: Kuma|quarkdriveatk\n|move|p1b: Ursaluna|Protect|p1b: Ursaluna\n|-singleturn|p1b: Ursaluna|Protect\n|move|p2a: Iron Hands|Fake Out|p1b: Ursaluna\n|-activate|p1b: Ursaluna|move: Protect\n|move|p2b: Miraidon|Volt Switch|p1a: Kuma\n|-resisted|p1a: Kuma\n|-damage|p1a: Kuma|74/100\n|\n|t:|1745979367\n|switch|p2b: Ho-Oh|Ho-Oh, L50|35/100|[from] Volt Switch\n|\n|-damage|p1b: Ursaluna|58/100 brn|[from] brn\n|-fieldend|move: Electric Terrain\n|-end|p2a: Iron Hands|Quark Drive\n|-end|p1a: Kuma|Quark Drive\n|upkeep\n|turn|6\n|inactive|CrossGuild95 has 30 seconds left.\n|inactive|CrossGuild95 has 20 seconds left.\n|inactive|CrossGuild95 has 15 seconds left.\n|inactive|CrossGuild95 has 10 seconds left.\n|\n|t:|1745979416\n|switch|p2b: Miraidon|Miraidon, L50|100/100\n|-fieldstart|move: Electric Terrain|[from] ability: Hadron Engine|[of] p2b: Miraidon\n|-activate|p2a: Iron Hands|ability: Quark Drive\n|-start|p2a: Iron Hands|quarkdriveatk\n|-activate|p1a: Kuma|ability: Quark Drive\n|-start|p1a: Kuma|quarkdriveatk\n|move|p1a: Kuma|Fake Out|p2a: Iron Hands\n|-damage|p2a: Iron Hands|0 fnt\n|faint|p2a: Iron Hands\n|-end|p2a: Iron Hands|Quark Drive|[silent]\n|move|p1b: Ursaluna|Facade|p2b: Miraidon\n|-damage|p2b: Miraidon|0 fnt\n|faint|p2b: Miraidon\n|\n|-damage|p1b: Ursaluna|52/100 brn|[from] brn\n|upkeep\n|\n|t:|1745979432\n|switch|p2b: Ho-Oh|Ho-Oh, L50|68/100\n|turn|7\n|\n|t:|1745979442\n|move|p2b: Ho-Oh|Sacred Fire|p1b: Ursaluna\n|-damage|p1b: Ursaluna|12/100 brn\n|move|p1a: Kuma|Wild Charge|p2b: Ho-Oh\n|-supereffective|p2b: Ho-Oh\n|-damage|p2b: Ho-Oh|0 fnt\n|faint|p2b: Ho-Oh\n|-damage|p1a: Kuma|59/100|[from] Recoil\n|\n|win|CrossGuild95\n||bigboyblue3451 is ready for game 2.\n|inactive|CrossGuild95 has 30 seconds to confirm battle start!\n||CrossGuild95 is ready for game 2.\n|uhtml|next|Next: <a href=\"/battle-gen9vgc2025regibo3-2353653898\"><strong>Game 2 of 3</strong></a>\n|l|\u2606bigboyblue3451\n|player|p2|\n", "uploadtime": 1745979684, "views": 25, "formatid": "gen9vgc2025regibo3", "rating": null, "private": 0, "password": null}