{"id": "gen9vgc2025regibo3-2354446470", "format": "[Gen 9] VGC 2025 Reg I (Bo3)", "players": ["rtyukjgy", "Kiget"], "log": "|j|\u2606rtyukjgy\n|j|\u2606Kiget\n|html|<table width=\"100%\"><tr><td align=\"left\">rtyukjgy</td><td align=\"right\">Kiget</tr><tr><td align=\"left\"><i class=\"fa fa-circle\"></i> <i class=\"fa fa-circle-o\"></i> </td><td align=\"right\"><i class=\"fa fa-circle-o\"></i> <i class=\"fa fa-circle-o\"></i> </tr></table>\n|uhtml|bestof|<h2><strong>Game 2</strong> of <a href=\"/game-bestof3-gen9vgc2025regibo3-2354445108\">a best-of-3</a></h2>\n|t:|1746072861\n|gametype|doubles\n|player|p1|rtyukjgy|266|1045\n|player|p2|Kiget|colress|1027\n|teamsize|p1|6\n|teamsize|p2|6\n|gen|9\n|tier|[Gen 9] VGC 2025 Reg I (Bo3)\n|rated|\n|rule|Species Clause: Limit one of each Pok\u00e9mon\n|rule|Item Clause: Limit 1 of each item\n|clearpoke\n|poke|p1|Lunala, L50|\n|poke|p1|Koraidon, L50|\n|poke|p1|Flutter Mane, L50|\n|poke|p1|Indeedee-F, L50, F|\n|poke|p1|Ogerpon-Cornerstone, L50, F|\n|poke|p1|Chi-Yu, L50|\n|poke|p2|Ninetales-Alola, L50, M|\n|poke|p2|Glaceon, L50, F|\n|poke|p2|Baxcalibur, L50, M|\n|poke|p2|Froslass, L50, F|\n|poke|p2|Abomasnow, L50, M|\n|poke|p2|Cetitan, L50, M|\n|teampreview|4\n|showteam|p1|Lunala||PowerHerb|ShadowShield|Protect,ExpandingForce,MoongeistBeam,MeteorBeam||||||50|,,,,,Water]Koraidon||LifeOrb|OrichalcumPulse|Protect,FlareBlitz,FlameCharge,CloseCombat||||||50|,,,,,Fire]Flutter Mane||FocusSash|Protosynthesis|Protect,Moonblast,ShadowBall,IcyWind||||||50|,,,,,Normal]Indeedee-F||RockyHelmet|PsychicSurge|FollowMe,HelpingHand,ShadowBall,TrickRoom|||F|||50|,,,,,Water]Ogerpon-Cornerstone||CornerstoneMask|Sturdy|Protect,IvyCudgel,PowerWhip,FollowMe|||F|||50|,,,,,Rock]Chi-Yu||ChoiceScarf|BeadsofRuin|HeatWave,Snarl,DarkPulse,Overheat||||||50|,,,,,Fire\n|showteam|p2|Ninetales-Alola||LightClay|SnowWarning|AuroraVeil,IceBeam,Encore,Moonblast|||M|||50|,,,,,Fairy]Glaceon||IciclePlate|IceBody|Haze,Blizzard,Rest,SleepTalk|||F|||50|,,,,,Ice]Baxcalibur||LoadedDice|IceBody|IcicleSpear,ScaleShot,HighHorsepower,SwordsDance|||M|||50|,,,,,Ground]Froslass||BrightPowder|SnowCloak|DoubleTeam,Blizzard,Psychic,ShadowBall|||F|||50|,,,,,Ice]Abomasnow||LifeOrb|SnowWarning|AuroraVeil,WoodHammer,Earthquake,BrickBreak|||M|||50|,,,,,Grass]Cetitan||ChoiceBand|SlushRush|Liquidation,IceSpinner,HighHorsepower,Superpower|||M|||50|,,,,,Fighting\n|\n|t:|1746072889\n|start\n|switch|p1a: Ogerpon|Ogerpon-Cornerstone, L50, F|100/100\n|switch|p1b: Lunala|Lunala, L50|100/100\n|switch|p2a: Abomasnow|Abomasnow, L50, M|100/100\n|switch|p2b: Cetitan|Cetitan, L50, M|100/100\n|-weather|Snowscape|[from] ability: Snow Warning|[of] p2a: Abomasnow\n|turn|1\n|\n|t:|1746072921\n|move|p2b: Cetitan|Ice Spinner|p1b: Lunala\n|-damage|p1b: Lunala|75/100\n|move|p1a: Ogerpon|Ivy Cudgel|p2b: Cetitan|[anim] Ivy Cudgel Rock\n|-supereffective|p2b: Cetitan\n|-crit|p2b: Cetitan\n|-damage|p2b: Cetitan|0 fnt\n|faint|p2b: Cetitan\n|move|p1b: Lunala|Meteor Beam||[still]\n|-prepare|p1b: Lunala|Meteor Beam\n|-boost|p1b: Lunala|spa|1\n|-enditem|p1b: Lunala|Power Herb\n|-anim|p1b: Lunala|Meteor Beam|p2a: Abomasnow\n|-supereffective|p2a: Abomasnow\n|-crit|p2a: Abomasnow\n|-damage|p2a: Abomasnow|0 fnt\n|faint|p2a: Abomasnow\n|\n|-weather|Snowscape|[upkeep]\n|upkeep\n|inactive|Battle timer is ON: inactive players will automatically lose when time's up. (requested by rtyukjgy)\n|\n|t:|1746072937\n|switch|p2b: Glaceon|Glaceon, L50, F, shiny|100/100\n|switch|p2a: Ninetales|Ninetales-Alola, L50, M|100/100\n|turn|2\n|\n|t:|1746072947\n|-terastallize|p2b: Glaceon|Ice\n|move|p1a: Ogerpon|Ivy Cudgel|p2b: Glaceon|[anim] Ivy Cudgel Rock\n|-supereffective|p2b: Glaceon\n|-damage|p2b: Glaceon|28/100\n|move|p2a: Ninetales|Aurora Veil|p2a: Ninetales\n|-sidestart|p2: Kiget|move: Aurora Veil\n|move|p1b: Lunala|Moongeist Beam|p2a: Ninetales\n|-damage|p2a: Ninetales|38/100\n|move|p2b: Glaceon|Blizzard|p1a: Ogerpon|[spread] p1a,p1b\n|-supereffective|p1a: Ogerpon\n|-ability|p1a: Ogerpon|Sturdy\n|-damage|p1a: Ogerpon|1/100\n|-damage|p1b: Lunala|17/100\n|\n|-weather|Snowscape|[upkeep]\n|-heal|p2b: Glaceon|33/100|[from] ability: Ice Body\n|upkeep\n|turn|3\n|inactive|Kiget has 30 seconds left.\n|\n|t:|1746072974\n|move|p1a: Ogerpon|Ivy Cudgel|p2b: Glaceon|[anim] Ivy Cudgel Rock\n|-supereffective|p2b: Glaceon\n|-damage|p2b: Glaceon|0 fnt\n|faint|p2b: Glaceon\n|move|p2a: Ninetales|Ice Beam|p1a: Ogerpon\n|-supereffective|p1a: Ogerpon\n|-damage|p1a: Ogerpon|0 fnt\n|faint|p1a: Ogerpon\n|move|p1b: Lunala|Moongeist Beam|p2a: Ninetales\n|-damage|p2a: Ninetales|0 fnt\n|faint|p2a: Ninetales\n|\n|win|rtyukjgy\n|raw|rtyukjgy's rating: 1045 &rarr; <strong>1077</strong><br />(+32 for winning)\n|raw|Kiget's rating: 1027 &rarr; <strong>1014</strong><br />(-13 for losing)\n|l|\u2606rtyukjgy\n|player|p1|\n|l|\u2606Kiget\n|player|p2|\n", "uploadtime": 1746073269, "views": 7, "formatid": "gen9vgc2025regibo3", "rating": 1014, "private": 0, "password": null}