{"id": "gen9vgc2025regibo3-2354006903", "format": "[Gen 9] VGC 2025 Reg I (Bo3)", "players": ["Pacca100", "sergio23perez"], "log": "|j|\u2606Pacca100\n|j|\u2606sergio23perez\n|html|<table width=\"100%\"><tr><td align=\"left\">Pacca100</td><td align=\"right\">sergio23perez</tr><tr><td align=\"left\"><i class=\"fa fa-circle-o\"></i> <i class=\"fa fa-circle-o\"></i> </td><td align=\"right\"><i class=\"fa fa-circle-o\"></i> <i class=\"fa fa-circle-o\"></i> </tr></table>\n|uhtml|bestof|<h2><strong>Game 1</strong> of <a href=\"/game-bestof3-gen9vgc2025regibo3-2354006902\">a best-of-3</a></h2>\n|t:|1746026924\n|gametype|doubles\n|player|p1|Pacca100|102|1138\n|player|p2|sergio23perez|1|1220\n|teamsize|p1|6\n|teamsize|p2|6\n|gen|9\n|tier|[Gen 9] VGC 2025 Reg I (Bo3)\n|rated|\n|rule|Species Clause: Limit one of each Pok\u00e9mon\n|rule|Item Clause: Limit 1 of each item\n|clearpoke\n|poke|p1|Calyrex-Ice, L50|\n|poke|p1|Palkia, L50|\n|poke|p1|Munchlax, L50, F|\n|poke|p1|Incineroar, L50, F|\n|poke|p1|Grimmsnarl, L50, M|\n|poke|p1|Ogerpon-Cornerstone, L50, F|\n|poke|p2|Miraidon, L50|\n|poke|p2|Ho-Oh, L50|\n|poke|p2|Urshifu-*, L50, F|\n|poke|p2|Iron Hands, L50|\n|poke|p2|Iron Treads, L50|\n|poke|p2|Farigiraf, L50, M|\n|teampreview|4\n|showteam|p1|Calyrex-Ice||ClearAmulet|AsOneGlastrier|GlacialLance,HighHorsepower,TrickRoom,Protect||||||50|,,,,,Fire]Palkia||WideLens|Pressure|HydroPump,SpacialRend,TrickRoom,Protect||||||50|,,,,,Fairy]Munchlax||Eviolite|ThickFat|BodySlam,Crunch,Encore,Protect|||F|||50|,,,,,Ghost]Incineroar||SafetyGoggles|Blaze|FakeOut,WillOWisp,KnockOff,PartingShot|||F|||50|,,,,,Ghost]Grimmsnarl||LightClay|Prankster|SpiritBreak,LightScreen,Reflect,ThunderWave|||M|||50|,,,,,Grass]Ogerpon-Cornerstone||CornerstoneMask|Sturdy|FollowMe,IvyCudgel,PowerWhip,SpikyShield|||F|||50|,,,,,Rock\n|showteam|p2|Miraidon||ChoiceSpecs|HadronEngine|DazzlingGleam,ElectroDrift,DracoMeteor,VoltSwitch||||||50|,,,,,Fairy]Ho-Oh||ClearAmulet|Regenerator|Tailwind,Protect,SacredFire,BraveBird||||||50|,,,,,Grass]Urshifu||FocusSash|UnseenFist|WickedBlow,SuckerPunch,CloseCombat,Detect|||F|||50|,,,,,Dark]Iron Hands||AssaultVest|QuarkDrive|DrainPunch,LowKick,HeavySlam,FakeOut||||||50|,,,,,Poison]Iron Treads||ChoiceBand|QuarkDrive|HighHorsepower,IronHead,SteelRoller,RockSlide||||||50|,,,,,Ghost]Farigiraf||ElectricSeed|ArmorTail|Psychic,Roar,TrickRoom,HelpingHand|||M|||50|,,,,,Water\n|inactive|Battle timer is ON: inactive players will automatically lose when time's up. (requested by sergio23perez)\n|\n|t:|1746026949\n|start\n|switch|p1a: Calyrex|Calyrex-Ice, L50|100/100\n|switch|p1b: Ogerpon|Ogerpon-Cornerstone, L50, F|100/100\n|switch|p2a: Miraidon|Miraidon, L50|100/100\n|switch|p2b: partypirate|Iron Hands, L50|100/100\n|-ability|p1a: Calyrex|As One\n|-ability|p1a: Calyrex|Unnerve\n|-fieldstart|move: Electric Terrain|[from] ability: Hadron Engine|[of] p2a: Miraidon\n|-activate|p2b: partypirate|ability: Quark Drive\n|-start|p2b: partypirate|quarkdriveatk\n|turn|1\n|\n|t:|1746026959\n|move|p1b: Ogerpon|Spiky Shield|p1b: Ogerpon\n|-singleturn|p1b: Ogerpon|move: Protect\n|move|p1a: Calyrex|Protect|p1a: Calyrex\n|-singleturn|p1a: Calyrex|Protect\n|move|p2b: partypirate|Fake Out|p1b: Ogerpon\n|-activate|p1b: Ogerpon|move: Protect\n|-damage|p2b: partypirate|88/100|[from] Spiky Shield|[of] p1b: Ogerpon\n|move|p2a: Miraidon|Electro Drift|p1a: Calyrex\n|-activate|p1a: Calyrex|move: Protect\n|\n|upkeep\n|turn|2\n|\n|t:|1746026976\n|-terastallize|p2a: Miraidon|Fairy\n|move|p1b: Ogerpon|Follow Me|p1b: Ogerpon\n|-singleturn|p1b: Ogerpon|move: Follow Me\n|move|p2a: Miraidon|Electro Drift|p1b: Ogerpon\n|-resisted|p1b: Ogerpon\n|-damage|p1b: Ogerpon|16/100\n|move|p2b: partypirate|Low Kick|p1b: Ogerpon\n|-supereffective|p1b: Ogerpon\n|-damage|p1b: Ogerpon|0 fnt\n|faint|p1b: Ogerpon\n|move|p1a: Calyrex|Glacial Lance|p2a: Miraidon|[spread] p2a,p2b\n|-damage|p2a: Miraidon|35/100\n|-damage|p2b: partypirate|44/100\n|\n|upkeep\n|\n|t:|1746026986\n|switch|p1b: Palkia|Palkia, L50|100/100\n|-ability|p1b: Palkia|Pressure\n|turn|3\n|\n|t:|1746026994\n|move|p2a: Miraidon|Electro Drift|p1a: Calyrex\n|-damage|p1a: Calyrex|0 fnt\n|faint|p1a: Calyrex\n|move|p2b: partypirate|Drain Punch|p1b: Palkia\n|-damage|p1b: Palkia|52/100\n|-heal|p2b: partypirate|64/100|[from] drain|[of] p1b: Palkia\n|move|p1b: Palkia|Trick Room|p1b: Palkia\n|-fieldstart|move: Trick Room|[of] p1b: Palkia\n|\n|upkeep\n|\n|t:|1746026998\n|switch|p1a: Munchlax|Munchlax, L50, F|100/100\n|turn|4\n|\n|t:|1746027016\n|-terastallize|p1a: Munchlax|Ghost\n|move|p1a: Munchlax|Body Slam|p2a: Miraidon\n|-damage|p2a: Miraidon|7/100\n|move|p2b: partypirate|Drain Punch|p1b: Palkia\n|-damage|p1b: Palkia|8/100\n|-heal|p2b: partypirate|82/100|[from] drain|[of] p1b: Palkia\n|move|p1b: Palkia|Hydro Pump|p2b: partypirate\n|-damage|p2b: partypirate|49/100\n|move|p2a: Miraidon|Electro Drift|p1b: Palkia\n|-damage|p1b: Palkia|0 fnt\n|faint|p1b: Palkia\n|\n|upkeep\n|turn|5\n|\n|t:|1746027030\n|move|p1a: Munchlax|Body Slam|p2a: Miraidon\n|-damage|p2a: Miraidon|0 fnt\n|faint|p2a: Miraidon\n|move|p2b: partypirate|Heavy Slam|p1a: Munchlax\n|-damage|p1a: Munchlax|78/100\n|\n|-fieldend|move: Electric Terrain\n|-end|p2b: partypirate|Quark Drive\n|upkeep\n|\n|t:|1746027036\n|switch|p2a: crimsonracer|Iron Treads, L50, shiny|100/100\n|turn|6\n|\n|t:|1746027047\n|move|p1a: Munchlax|Crunch|p2a: crimsonracer\n|-damage|p2a: crimsonracer|85/100\n|-unboost|p2a: crimsonracer|def|1\n|move|p2b: partypirate|Heavy Slam|p1a: Munchlax\n|-damage|p1a: Munchlax|60/100\n|move|p2a: crimsonracer|Iron Head|p1a: Munchlax\n|-damage|p1a: Munchlax|26/100\n|\n|upkeep\n|turn|7\n|\n|t:|1746027055\n|move|p1a: Munchlax|Crunch|p2a: crimsonracer\n|-damage|p2a: crimsonracer|62/100\n|move|p2b: partypirate|Heavy Slam|p1a: Munchlax\n|-damage|p1a: Munchlax|9/100\n|move|p2a: crimsonracer|Iron Head|p1a: Munchlax\n|-damage|p1a: Munchlax|0 fnt\n|faint|p1a: Munchlax\n|\n|win|sergio23perez\n|l|\u2606Pacca100\n|player|p1|\n||sergio23perez is ready for game 2.\n|raw|Pacca100's rating: 1138 &rarr; <strong>1119</strong><br />(-19 for losing)\n|raw|sergio23perez's rating: 1220 &rarr; <strong>1239</strong><br />(+19 for winning)\n|l|\u2606sergio23perez\n|player|p2|\n", "uploadtime": 1746027376, "views": 6, "formatid": "gen9vgc2025regibo3", "rating": 1119, "private": 0, "password": null}