{"id": "gen9vgc2025regibo3-2353884443", "format": "[Gen 9] VGC 2025 Reg I (Bo3)", "players": ["The10Zin", "rayraydon"], "log": "|j|\u2606The10Zin\n|j|\u2606rayraydon\n|html|<table width=\"100%\"><tr><td align=\"left\">The10Zin</td><td align=\"right\">rayraydon</tr><tr><td align=\"left\"><i class=\"fa fa-circle-o\"></i> <i class=\"fa fa-circle-o\"></i> </td><td align=\"right\"><i class=\"fa fa-circle-o\"></i> <i class=\"fa fa-circle-o\"></i> </tr></table>\n|uhtml|bestof|<h2><strong>Game 1</strong> of <a href=\"/game-bestof3-gen9vgc2025regibo3-2353884442\">a best-of-3</a></h2>\n|t:|1746014777\n|gametype|doubles\n|player|p1|The10Zin|266|1277\n|player|p2|rayraydon|sabrina|1216\n|teamsize|p1|6\n|teamsize|p2|6\n|gen|9\n|tier|[Gen 9] VGC 2025 Reg I (Bo3)\n|rated|\n|rule|Species Clause: Limit one of each Pok\u00e9mon\n|rule|Item Clause: Limit 1 of each item\n|clearpoke\n|poke|p1|Miraidon, L50|\n|poke|p1|Landorus, L50, M|\n|poke|p1|Calyrex-Ice, L50|\n|poke|p1|Farigiraf, L50, M|\n|poke|p1|Iron Valiant, L50|\n|poke|p1|Gastrodon, L50, M|\n|poke|p2|Miraidon, L50|\n|poke|p2|Rayquaza, L50|\n|poke|p2|Farigiraf, L50, F|\n|poke|p2|Iron Hands, L50|\n|poke|p2|Chien-Pao, L50|\n|poke|p2|Ogerpon-Hearthflame, L50, F|\n|teampreview|4\n|showteam|p1|Miraidon||ChoiceSpecs|HadronEngine|VoltSwitch,DracoMeteor,ElectroDrift,DazzlingGleam||||||50|,,,,,Fairy]Landorus||ChoiceScarf|SheerForce|EarthPower,SludgeBomb,SandsearStorm,GrassKnot|||M|||50|,,,,,Poison]Calyrex-Ice||NeverMeltIce|AsOneGlastrier|GlacialLance,CloseCombat,TrickRoom,Protect||||||50|,,,,,Fire]Farigiraf||ThroatSpray|ArmorTail|HyperVoice,Psychic,Imprison,TrickRoom|||M|||50|,,,,,Grass]Iron Valiant||BoosterEnergy|QuarkDrive|WideGuard,Coaching,SpiritBreak,Imprison||||||50|,,,,,Steel]Gastrodon||AssaultVest|StormDrain|EarthPower,HydroPump,SludgeBomb,IcyWind|||M|||50|,,,,,Fire\n|showteam|p2|Miraidon||ChoiceSpecs|HadronEngine|ElectroDrift,VoltSwitch,DracoMeteor,DazzlingGleam||||||50|,,,,,Fairy]Rayquaza||ClearAmulet|AirLock|ExtremeSpeed,DragonAscent,SwordsDance,Protect||||||50|,,,,,Normal]Farigiraf||ElectricSeed|ArmorTail|Psychic,FoulPlay,HelpingHand,TrickRoom|||F|||50|,,,,,Water]Iron Hands||AssaultVest|QuarkDrive|FakeOut,LowKick,DrainPunch,HeavySlam||||||50|,,,,,Water]Chien-Pao||FocusSash|SwordofRuin|IcicleCrash,SuckerPunch,ThroatChop,Protect||||||50|,,,,,Ghost]Ogerpon-Hearthflame||HearthflameMask|MoldBreaker|IvyCudgel,WoodHammer,FollowMe,SpikyShield|||F|||50|,,,,,Fire\n|inactive|Battle timer is ON: inactive players will automatically lose when time's up. (requested by The10Zin)\n|inactive|rayraydon has 60 seconds left.\n|\n|t:|1746014822\n|start\n|switch|p1a: I AM STEVE|Iron Valiant, L50|100/100\n|switch|p1b: CHICKEN JOCKEY|Calyrex-Ice, L50|100/100\n|switch|p2a: Chien-Pao|Chien-Pao, L50|100/100\n|switch|p2b: Ogerpon|Ogerpon-Hearthflame, L50, F|100/100\n|-ability|p1b: CHICKEN JOCKEY|As One\n|-ability|p1b: CHICKEN JOCKEY|Unnerve\n|-ability|p2a: Chien-Pao|Sword of Ruin\n|-ability|p2b: Ogerpon|Mold Breaker\n|-enditem|p1a: I AM STEVE|Booster Energy\n|-activate|p1a: I AM STEVE|ability: Quark Drive|[fromitem]\n|-start|p1a: I AM STEVE|quarkdrivespe\n|turn|1\n|inactive|rayraydon has 30 seconds left.\n|inactive|rayraydon has 20 seconds left.\n|inactive|rayraydon has 15 seconds left.\n|\n|t:|1746014866\n|-terastallize|p2b: Ogerpon|Fire\n|detailschange|p2b: Ogerpon|Ogerpon-Hearthflame-Tera, L50, F, tera:Fire\n|-ability|p2b: Ogerpon|Embody Aspect (Hearthflame)|boost\n|-boost|p2b: Ogerpon|atk|1\n|-terastallize|p1b: CHICKEN JOCKEY|Fire\n|move|p1a: I AM STEVE|Coaching|p1b: CHICKEN JOCKEY\n|-boost|p1b: CHICKEN JOCKEY|atk|1\n|-boost|p1b: CHICKEN JOCKEY|def|1\n|move|p2a: Chien-Pao|Icicle Crash|p1b: CHICKEN JOCKEY\n|-resisted|p1b: CHICKEN JOCKEY\n|-damage|p1b: CHICKEN JOCKEY|89/100\n|move|p2b: Ogerpon|Ivy Cudgel|p1a: I AM STEVE|[anim] Ivy Cudgel Fire\n|-damage|p1a: I AM STEVE|0 fnt\n|faint|p1a: I AM STEVE\n|-end|p1a: I AM STEVE|Quark Drive|[silent]\n|move|p1b: CHICKEN JOCKEY|Glacial Lance|p2b: Ogerpon|[spread] p2a,p2b\n|-resisted|p2a: Chien-Pao\n|-resisted|p2b: Ogerpon\n|-damage|p2a: Chien-Pao|33/100\n|-damage|p2b: Ogerpon|38/100\n|\n|upkeep\n|\n|t:|1746014889\n|switch|p1a: Screem Tail|Farigiraf, L50, M|100/100\n|turn|2\n|\n|t:|1746014905\n|move|p2a: Chien-Pao|Icicle Crash|p1b: CHICKEN JOCKEY\n|-resisted|p1b: CHICKEN JOCKEY\n|-damage|p1b: CHICKEN JOCKEY|76/100\n|move|p2b: Ogerpon|Ivy Cudgel|p1a: Screem Tail|[anim] Ivy Cudgel Fire\n|-damage|p1a: Screem Tail|0 fnt\n|faint|p1a: Screem Tail\n|cant|p1b: CHICKEN JOCKEY|flinch\n|\n|upkeep\n|\n|t:|1746014915\n|switch|p1a: Randorosu|Landorus, L50, M|100/100\n|turn|3\n|inactive|rayraydon has 30 seconds left.\n|inactive|rayraydon has 20 seconds left.\n|inactive|rayraydon has 15 seconds left.\n|\n|t:|1746014958\n|move|p2a: Chien-Pao|Sucker Punch|p1a: Randorosu\n|-damage|p1a: Randorosu|41/100\n|move|p1a: Randorosu|Sandsear Storm|p2b: Ogerpon|[spread] p2a,p2b\n|-supereffective|p2b: Ogerpon\n|-damage|p2a: Chien-Pao|0 fnt\n|-damage|p2b: Ogerpon|0 fnt\n|faint|p2a: Chien-Pao\n|faint|p2b: Ogerpon\n|move|p1b: CHICKEN JOCKEY|Trick Room|p1b: CHICKEN JOCKEY\n|-fieldstart|move: Trick Room|[of] p1b: CHICKEN JOCKEY\n|\n|upkeep\n|\n|t:|1746014966\n|switch|p2b: Miraidon|Miraidon, L50|100/100\n|switch|p2a: Rayquaza|Rayquaza, L50|100/100\n|-ability|p2a: Rayquaza|Air Lock\n|-fieldstart|move: Electric Terrain|[from] ability: Hadron Engine|[of] p2b: Miraidon\n|turn|4\n|-message|rayraydon forfeited.\n|\n|win|The10Zin\n||rayraydon is ready for game 2.\n||The10Zin is ready for game 2.\n|uhtml|next|Next: <a href=\"/battle-gen9vgc2025regibo3-2353886088\"><strong>Game 2 of 3</strong></a>\n", "uploadtime": 1746015360, "views": 6, "formatid": "gen9vgc2025regibo3", "rating": null, "private": 0, "password": null}