{"id": "gen9vgc2025regibo3-2353895571", "format": "[Gen 9] VGC 2025 Reg I (Bo3)", "players": ["NameLessUlixes", "dambro222"], "log": "|j|\u2606NameLessUlixes\n|j|\u2606dambro222\n|html|<table width=\"100%\"><tr><td align=\"left\">NameLessUlixes</td><td align=\"right\">dambro222</tr><tr><td align=\"left\"><i class=\"fa fa-circle\"></i> <i class=\"fa fa-circle-o\"></i> </td><td align=\"right\"><i class=\"fa fa-circle-o\"></i> <i class=\"fa fa-circle\"></i> </tr></table>\n|uhtml|bestof|<h2><strong>Game 3</strong> of <a href=\"/game-bestof3-gen9vgc2025regibo3-2353890905\">a best-of-3</a></h2>\n|t:|1746016155\n|gametype|doubles\n|player|p1|NameLessUlixes|169|1220\n|player|p2|dambro222|101|1176\n|teamsize|p1|6\n|teamsize|p2|6\n|gen|9\n|tier|[Gen 9] VGC 2025 Reg I (Bo3)\n|rated|\n|rule|Species Clause: Limit one of each Pok\u00e9mon\n|rule|Item Clause: Limit 1 of each item\n|clearpoke\n|poke|p1|Calyrex-Shadow, L50|\n|poke|p1|Terapagos, L50, M|\n|poke|p1|Grimmsnarl, L50, M|\n|poke|p1|Magmar, L50, F|\n|poke|p1|Cresselia, L50, F|\n|poke|p1|Ogerpon-Wellspring, L50, F|\n|poke|p2|Ho-Oh, L50|\n|poke|p2|Miraidon, L50|\n|poke|p2|Flutter Mane, L50|\n|poke|p2|Iron Hands, L50|\n|poke|p2|Urshifu-*, L50, M|\n|poke|p2|Iron Treads, L50|\n|teampreview|4\n|showteam|p1|Calyrex-Shadow||LifeOrb|AsOneSpectrier|AstralBarrage,Psyshock,TeraBlast,Protect||||||50|,,,,,Fairy]Terapagos||Leftovers|TeraShift|CalmMind,EarthPower,TeraStarstorm,Protect|||M|||50|,,,,,Stellar]Grimmsnarl||LightClay|Prankster|SpiritBreak,LightScreen,Reflect,ThunderWave|||M|||50|,,,,,Ghost]Magmar||Eviolite|VitalSpirit|Flamethrower,FollowMe,Taunt,WillOWisp|||F|||50|,,,,,Water]Cresselia||SafetyGoggles|Levitate|AllySwitch,LunarBlessing,Moonblast,TrickRoom|||F|||50|,,,,,Fairy]Ogerpon-Wellspring||WellspringMask|WaterAbsorb|HornLeech,IvyCudgel,FollowMe,SpikyShield|||F|||50|,,,,,Water\n|showteam|p2|Ho-Oh||ClearAmulet|Regenerator|SacredFire,BraveBird,Tailwind,Protect||||||50|,,,,,Dragon]Miraidon||CovertCloak|HadronEngine|ElectroDrift,VoltSwitch,DracoMeteor,Protect||||||50|,,,,,Electric]Flutter Mane||BoosterEnergy|Protosynthesis|Moonblast,ShadowBall,IcyWind,Protect||||||50|,,,,,Fairy]Iron Hands||AssaultVest|QuarkDrive|FakeOut,DrainPunch,WildCharge,LowKick||||||50|,,,,,Water]Urshifu||FocusSash|UnseenFist|WickedBlow,CloseCombat,SuckerPunch,Detect|||M|||50|,,,,,Poison]Iron Treads||ChoiceBand|QuarkDrive|IronHead,HighHorsepower,KnockOff,SteelRoller||||||50|,,,,,Water\n|inactive|Battle timer is ON: inactive players will automatically lose when time's up. (requested by NameLessUlixes)\n|inactive|dambro222 has 60 seconds left.\n|\n|t:|1746016195\n|start\n|switch|p1a: Calyrex|Calyrex-Shadow, L50|100/100\n|switch|p1b: Ogerpon|Ogerpon-Wellspring, L50, F|100/100\n|switch|p2a: Ho-Oh|Ho-Oh, L50|100/100\n|switch|p2b: Miraidon|Miraidon, L50|100/100\n|-ability|p1a: Calyrex|As One\n|-ability|p1a: Calyrex|Unnerve\n|-fieldstart|move: Electric Terrain|[from] ability: Hadron Engine|[of] p2b: Miraidon\n|turn|1\n|inactive|NameLessUlixes has 30 seconds left.\n|inactive|dambro222 has 30 seconds left.\n|\n|t:|1746016227\n|-terastallize|p2b: Miraidon|Electric\n|move|p1b: Ogerpon|Follow Me|p1b: Ogerpon\n|-singleturn|p1b: Ogerpon|move: Follow Me\n|move|p1a: Calyrex|Astral Barrage|p2a: Ho-Oh|[spread] p2a,p2b\n|-damage|p2a: Ho-Oh|54/100\n|-damage|p2b: Miraidon|43/100\n|-damage|p1a: Calyrex|91/100|[from] item: Life Orb\n|move|p2b: Miraidon|Electro Drift|p1b: Ogerpon\n|-damage|p1b: Ogerpon|0 fnt\n|faint|p1b: Ogerpon\n|move|p2a: Ho-Oh|Brave Bird|p1a: Calyrex\n|-damage|p1a: Calyrex|12/100\n|-damage|p2a: Ho-Oh|30/100|[from] Recoil\n|\n|upkeep\n|inactive|NameLessUlixes has 30 seconds left.\n|\n|t:|1746016253\n|switch|p1b: Grimmsnarl|Grimmsnarl, L50, M|100/100\n|turn|2\n|-message|NameLessUlixes forfeited.\n|\n|win|dambro222\n|raw|NameLessUlixes's rating: 1220 &rarr; <strong>1192</strong><br />(-28 for losing)\n|raw|dambro222's rating: 1176 &rarr; <strong>1204</strong><br />(+28 for winning)\n|l|\u2606NameLessUlixes\n|player|p1|\n|c|\u2606dambro222|gg\n", "uploadtime": 1746016298, "views": 8, "formatid": "gen9vgc2025regibo3", "rating": 1192, "private": 0, "password": null}