{"id": "gen9vgc2025regibo3-2354286623", "format": "[Gen 9] VGC 2025 Reg I (Bo3)", "players": ["luisecanonserna", "Floridatesting"], "log": "|j|\u2606luisecanonserna\n|j|\u2606Floridatesting\n|html|<table width=\"100%\"><tr><td align=\"left\">luisecanonserna</td><td align=\"right\">Floridatesting</tr><tr><td align=\"left\"><i class=\"fa fa-circle-o\"></i> <i class=\"fa fa-circle-o\"></i> </td><td align=\"right\"><i class=\"fa fa-circle-o\"></i> <i class=\"fa fa-circle-o\"></i> </tr></table>\n|uhtml|bestof|<h2><strong>Game 1</strong> of <a href=\"/game-bestof3-gen9vgc2025regibo3-2354286622\">a best-of-3</a></h2>\n|t:|1746053060\n|gametype|doubles\n|player|p1|luisecanonserna|101|1119\n|player|p2|Floridatesting|hilbert|1001\n|teamsize|p1|6\n|teamsize|p2|6\n|gen|9\n|tier|[Gen 9] VGC 2025 Reg I (Bo3)\n|rated|\n|rule|Species Clause: Limit one of each Pok\u00e9mon\n|rule|Item Clause: Limit 1 of each item\n|clearpoke\n|poke|p1|Kyogre, L50|\n|poke|p1|Zacian-*, L50|\n|poke|p1|Rillaboom, L50, M|\n|poke|p1|Tornadus, L50, M|\n|poke|p1|Chien-Pao, L50|\n|poke|p1|Ogerpon-Hearthflame, L50, F|\n|poke|p2|Miraidon, L50|\n|poke|p2|Calyrex-Ice, L50|\n|poke|p2|Iron Hands, L50|\n|poke|p2|Urshifu-*, L50, M|\n|poke|p2|Ogerpon-Cornerstone, L50, F|\n|poke|p2|Farigiraf, L50, M|\n|teampreview|4\n|showteam|p1|Kyogre||MysticWater|Drizzle|WaterSpout,OriginPulse,IceBeam,Protect||||||50|,,,,,Grass]Zacian-Crowned||RustedSword|IntrepidSword|behemothblade,PlayRough,SacredSword,Protect||||||50|,,,,,Water]Rillaboom||AssaultVest|GrassySurge|GrassyGlide,WoodHammer,FakeOut,Uturn|||M|||50|,,,,,Fire]Tornadus||CovertCloak|Prankster|BleakwindStorm,RainDance,Tailwind,Protect|||M|||50|,,,,,Dark]Chien-Pao||FocusSash|SwordofRuin|IcicleCrash,SuckerPunch,ThroatChop,Protect||||||50|,,,,,Ghost]Ogerpon-Hearthflame||HearthflameMask|MoldBreaker|IvyCudgel,FollowMe,SpikyShield,Encore|||F|||50|,,,,,Fire\n|showteam|p2|Miraidon||ChoiceSpecs|HadronEngine|ElectroDrift,DazzlingGleam,VoltSwitch,DracoMeteor||||||50|,,,,,Fairy]Calyrex-Ice||ClearAmulet|AsOneGlastrier|GlacialLance,HighHorsepower,TrickRoom,Protect||||||50|,,,,,Fire]Iron Hands||AssaultVest|QuarkDrive|DrainPunch,LowKick,FakeOut,WildCharge||||||50|,,,,,Bug]Urshifu-Rapid-Strike||FocusSash|UnseenFist|SurgingStrikes,CloseCombat,AquaJet,Detect|||M|||50|,,,,,Stellar]Ogerpon-Cornerstone||CornerstoneMask|Sturdy|IvyCudgel,PowerWhip,FollowMe,SpikyShield|||F|||50|,,,,,Rock]Farigiraf||ElectricSeed|ArmorTail|FoulPlay,Psychic,TrickRoom,HelpingHand|||M|||50|,,,,,Fairy\n|inactive|Battle timer is ON: inactive players will automatically lose when time's up. (requested by Floridatesting)\n|inactive|luisecanonserna has 60 seconds left.\n|inactive|Floridatesting has 60 seconds left.\n|inactive|luisecanonserna has 30 seconds left.\n|inactive|luisecanonserna has 20 seconds left.\n|inactive|luisecanonserna has 15 seconds left.\n|inactive|luisecanonserna has 10 seconds left.\n|inactive|luisecanonserna has 5 seconds left.\n|\n|t:|1746053148\n|start\n|switch|p1a: Kyogre|Kyogre, L50|100/100\n|switch|p1b: Rillaboom|Rillaboom, L50, M|100/100\n|switch|p2a: Miraidon|Miraidon, L50|100/100\n|switch|p2b: Calyrex|Calyrex-Ice, L50|100/100\n|-ability|p2b: Calyrex|As One\n|-ability|p2b: Calyrex|Unnerve\n|-fieldstart|move: Electric Terrain|[from] ability: Hadron Engine|[of] p2a: Miraidon\n|-weather|RainDance|[from] ability: Drizzle|[of] p1a: Kyogre\n|-fieldstart|move: Grassy Terrain|[from] ability: Grassy Surge|[of] p1b: Rillaboom\n|turn|1\n|inactive|luisecanonserna has 30 seconds left.\n|inactive|luisecanonserna has 20 seconds left.\n|\n|t:|1746053184\n|switch|p2b: Farigiraf|Farigiraf, L50, M|100/100\n|-terastallize|p1b: Rillaboom|Fire\n|move|p1b: Rillaboom|Fake Out||[still]\n|cant|p2b: Farigiraf|ability: Armor Tail|Fake Out|[of] p1b: Rillaboom\n|move|p2a: Miraidon|Volt Switch|p1a: Kyogre\n|-supereffective|p1a: Kyogre\n|-damage|p1a: Kyogre|22/100\n|\n|t:|1746053198\n|switch|p2a: Iron Hands|Iron Hands, L50|100/100|[from] Volt Switch\n|move|p1a: Kyogre|Water Spout|p2b: Farigiraf|[spread] p2a,p2b\n|-damage|p2a: Iron Hands|87/100\n|-damage|p2b: Farigiraf|75/100\n|\n|-weather|RainDance|[upkeep]\n|-heal|p1a: Kyogre|28/100|[from] Grassy Terrain\n|-heal|p2b: Farigiraf|82/100|[from] Grassy Terrain\n|-heal|p2a: Iron Hands|93/100|[from] Grassy Terrain\n|upkeep\n|turn|2\n|inactive|luisecanonserna has 30 seconds left.\n|\n|t:|1746053230\n|switch|p1b: Ogerpon|Ogerpon-Hearthflame, L50, F|100/100\n|-ability|p1b: Ogerpon|Mold Breaker\n|move|p2a: Iron Hands|Fake Out|p1b: Ogerpon\n|-crit|p1b: Ogerpon\n|-damage|p1b: Ogerpon|75/100\n|move|p1a: Kyogre|Origin Pulse|p2a: Iron Hands|[spread] p2a,p2b\n|-damage|p2a: Iron Hands|50/100\n|-damage|p2b: Farigiraf|0 fnt\n|faint|p2b: Farigiraf\n|\n|-weather|RainDance|[upkeep]\n|-heal|p1b: Ogerpon|81/100|[from] Grassy Terrain\n|-heal|p1a: Kyogre|34/100|[from] Grassy Terrain\n|-heal|p2a: Iron Hands|56/100|[from] Grassy Terrain\n|upkeep\n|\n|t:|1746053237\n|switch|p2b: Calyrex|Calyrex-Ice, L50|100/100\n|-ability|p2b: Calyrex|As One\n|-ability|p2b: Calyrex|Unnerve\n|turn|3\n|inactive|luisecanonserna has 30 seconds left.\n|\n|t:|1746053269\n|-terastallize|p2b: Calyrex|Fire\n|move|p1b: Ogerpon|Encore|p2a: Iron Hands\n|-start|p2a: Iron Hands|Encore\n|move|p1a: Kyogre|Origin Pulse|p2a: Iron Hands|[spread] p2a,p2b\n|-supereffective|p2b: Calyrex\n|-damage|p2a: Iron Hands|11/100\n|-damage|p2b: Calyrex|0 fnt\n|faint|p2b: Calyrex\n|move|p2a: Iron Hands|Fake Out||[still]\n|-hint|Fake Out only works on your first turn out.\n|-fail|p2a: Iron Hands\n|\n|-weather|RainDance|[upkeep]\n|-heal|p1b: Ogerpon|87/100|[from] Grassy Terrain\n|-heal|p1a: Kyogre|40/100|[from] Grassy Terrain\n|-heal|p2a: Iron Hands|17/100|[from] Grassy Terrain\n|upkeep\n|\n|t:|1746053275\n|switch|p2b: Miraidon|Miraidon, L50|100/100\n|-fieldstart|move: Electric Terrain|[from] ability: Hadron Engine|[of] p2b: Miraidon\n|-activate|p2a: Iron Hands|ability: Quark Drive\n|-start|p2a: Iron Hands|quarkdriveatk\n|turn|4\n|-message|Floridatesting forfeited.\n|\n|win|luisecanonserna\n|l|\u2606Floridatesting\n|player|p2|\n||Floridatesting is ready for game 2.\n||luisecanonserna is ready for game 2.\n|uhtml|next|Next: <a href=\"/battle-gen9vgc2025regibo3-2354288577\"><strong>Game 2 of 3</strong></a>\n", "uploadtime": 1746053476, "views": 7, "formatid": "gen9vgc2025regibo3", "rating": null, "private": 0, "password": null}