{"id": "gen9vgc2025regibo3-2354904885", "format": "[Gen 9] VGC 2025 Reg I (Bo3)", "players": ["GlickWithAGlock", "pantsuit"], "log": "|j|\u2606GlickWithAGlock\n|j|\u2606pantsuit\n|html|<table width=\"100%\"><tr><td align=\"left\">GlickWithAGlock</td><td align=\"right\">pantsuit</tr><tr><td align=\"left\"><i class=\"fa fa-circle\"></i> <i class=\"fa fa-circle-o\"></i> </td><td align=\"right\"><i class=\"fa fa-circle-o\"></i> <i class=\"fa fa-circle\"></i> </tr></table>\n|uhtml|bestof|<h2><strong>Game 3</strong> of <a href=\"/game-bestof3-gen9vgc2025regibo3-2354896212\">a best-of-3</a></h2>\n|t:|1746130327\n|gametype|doubles\n|player|p1|GlickWithAGlock|wattson|1345\n|player|p2|pantsuit|102|1394\n|teamsize|p1|6\n|teamsize|p2|6\n|gen|9\n|tier|[Gen 9] VGC 2025 Reg I (Bo3)\n|rated|\n|rule|Species Clause: Limit one of each Pok\u00e9mon\n|rule|Item Clause: Limit 1 of each item\n|clearpoke\n|poke|p1|Urshifu-*, L50, M|\n|poke|p1|Iron Hands, L50|\n|poke|p1|Tornadus, L50, M|\n|poke|p1|Farigiraf, L50, F|\n|poke|p1|Miraidon, L50|\n|poke|p1|Kyogre, L50|\n|poke|p2|Koraidon, L50|\n|poke|p2|Lunala, L50|\n|poke|p2|Chi-Yu, L50|\n|poke|p2|Indeedee-F, L50, F|\n|poke|p2|Brute Bonnet, L50|\n|poke|p2|Flutter Mane, L50|\n|teampreview|4\n|showteam|p1|Urshifu-Rapid-Strike||ChoiceScarf|UnseenFist|SurgingStrikes,Uturn,CloseCombat,AquaJet|||M|||50|,,,,,Water]Iron Hands||AssaultVest|QuarkDrive|FakeOut,DrainPunch,LowKick,WildCharge||||||50|,,,,,Water]Tornadus||AbilityShield|Prankster|Tailwind,BleakwindStorm,RainDance,Protect|||M|||50|,,,,,Dark]Farigiraf||ElectricSeed|ArmorTail|Psychic,FoulPlay,HelpingHand,TrickRoom|||F|||50|,,,,,Water]Miraidon||ChoiceSpecs|HadronEngine|VoltSwitch,DazzlingGleam,ElectroDrift,DracoMeteor||||||50|,,,,,Fairy]Kyogre||MysticWater|Drizzle|WaterSpout,OriginPulse,IceBeam,Protect||||||50|,,,,,Grass\n|showteam|p2|Koraidon||LifeOrb|OrichalcumPulse|FlareBlitz,FlameCharge,CloseCombat,Protect||||||50|,,,,,Fire]Lunala||PowerHerb|ShadowShield|MoongeistBeam,MeteorBeam,WideGuard,ExpandingForce||||||50|,,,,,Water]Chi-Yu||ChoiceScarf|BeadsofRuin|Overheat,HeatWave,DarkPulse,Snarl||||||50|,,,,,Ghost]Indeedee-F||PsychicSeed|PsychicSurge|HelpingHand,FollowMe,Psychic,TrickRoom|||F|||50|,,,,,Fairy]Brute Bonnet||CovertCloak|Protosynthesis|SeedBomb,SuckerPunch,Spore,RagePowder||||||50|,,,,,Water]Flutter Mane||FocusSash|Protosynthesis|Moonblast,IcyWind,ShadowBall,Protect||||||50|,,,,,Normal\n|j| entei enthusiast\n|\n|t:|1746130373\n|start\n|switch|p1a: Miraidon|Miraidon, L50|100/100\n|switch|p1b: Farigiraf|Farigiraf, L50, F|100/100\n|switch|p2a: Lunala|Lunala, L50|100/100\n|switch|p2b: Flutter Mane|Flutter Mane, L50|100/100\n|-fieldstart|move: Electric Terrain|[from] ability: Hadron Engine|[of] p1a: Miraidon\n|-enditem|p1b: Farigiraf|Electric Seed\n|-boost|p1b: Farigiraf|def|1|[from] item: Electric Seed\n|turn|1\n|inactive|Battle timer is ON: inactive players will automatically lose when time's up. (requested by GlickWithAGlock)\n|inactive|GlickWithAGlock has 60 seconds left.\n|inactive|pantsuit has 60 seconds left.\n|\n|t:|1746130425\n|move|p2b: Flutter Mane|Moonblast|p1b: Farigiraf\n|-damage|p1b: Farigiraf|59/100\n|move|p1a: Miraidon|Volt Switch|p2a: Lunala\n|-damage|p2a: Lunala|64/100\n|\n|t:|1746130435\n|switch|p1a: Iron Hands|Iron Hands, L50|100/100|[from] Volt Switch\n|-activate|p1a: Iron Hands|ability: Quark Drive\n|-start|p1a: Iron Hands|quarkdriveatk\n|move|p2a: Lunala|Meteor Beam||[still]\n|-prepare|p2a: Lunala|Meteor Beam\n|-boost|p2a: Lunala|spa|1\n|-enditem|p2a: Lunala|Power Herb\n|-anim|p2a: Lunala|Meteor Beam|p1b: Farigiraf\n|-crit|p1b: Farigiraf\n|-damage|p1b: Farigiraf|0 fnt\n|faint|p1b: Farigiraf\n|\n|upkeep\n|\n|t:|1746130454\n|switch|p1b: Miraidon|Miraidon, L50|100/100\n|-activate|p1b: Miraidon|ability: Hadron Engine\n|turn|2\n|inactive|pantsuit has 30 seconds left.\n|inactive|pantsuit has 20 seconds left.\n|inactive|pantsuit has 15 seconds left.\n|inactive|pantsuit has 10 seconds left.\n|\n|t:|1746130502\n|-terastallize|p1b: Miraidon|Fairy\n|move|p2b: Flutter Mane|Icy Wind|p1b: Miraidon|[spread] p1a,p1b\n|-damage|p1a: Iron Hands|92/100\n|-damage|p1b: Miraidon|87/100\n|-unboost|p1a: Iron Hands|spe|1\n|-unboost|p1b: Miraidon|spe|1\n|move|p2a: Lunala|Moongeist Beam|p1b: Miraidon\n|-damage|p1b: Miraidon|23/100\n|move|p1b: Miraidon|Dazzling Gleam|p2b: Flutter Mane|[spread] p2a,p2b\n|-damage|p2a: Lunala|15/100\n|-damage|p2b: Flutter Mane|36/100\n|move|p1a: Iron Hands|Wild Charge|p2a: Lunala\n|-damage|p2a: Lunala|0 fnt\n|faint|p2a: Lunala\n|-damage|p1a: Iron Hands|89/100|[from] Recoil\n|\n|upkeep\n|inactive|pantsuit has 30 seconds left.\n|inactive|pantsuit has 20 seconds left.\n|inactive|pantsuit has 15 seconds left.\n|inactive|pantsuit has 10 seconds left.\n|inactive|pantsuit has 5 seconds left.\n|\n|t:|1746130555\n|switch|p2a: Koraidon|Koraidon, L50|100/100\n|-weather|SunnyDay|[from] ability: Orichalcum Pulse|[of] p2a: Koraidon\n|-activate|p2b: Flutter Mane|ability: Protosynthesis\n|-start|p2b: Flutter Mane|protosynthesisspe\n|-activate|p2a: Koraidon|Orichalcum Pulse|[source]\n|turn|3\n|inactive|GlickWithAGlock has 30 seconds left.\n|inactive|pantsuit has 30 seconds left.\n|inactive|GlickWithAGlock has 20 seconds left.\n|inactive|pantsuit has 20 seconds left.\n|inactive|GlickWithAGlock has 15 seconds left.\n|inactive|pantsuit has 15 seconds left.\n|\n|t:|1746130599\n|-terastallize|p2a: Koraidon|Fire\n|move|p2b: Flutter Mane|Moonblast|p1a: Iron Hands\n|-supereffective|p1a: Iron Hands\n|-damage|p1a: Iron Hands|36/100\n|move|p2a: Koraidon|Close Combat|p1a: Iron Hands\n|-damage|p1a: Iron Hands|0 fnt\n|-unboost|p2a: Koraidon|def|1\n|-unboost|p2a: Koraidon|spd|1\n|faint|p1a: Iron Hands\n|-end|p1a: Iron Hands|Quark Drive|[silent]\n|-damage|p2a: Koraidon|91/100|[from] item: Life Orb\n|move|p1b: Miraidon|Dazzling Gleam|p2b: Flutter Mane|[spread] p2a,p2b\n|-resisted|p2a: Koraidon\n|-damage|p2a: Koraidon|45/100\n|-damage|p2b: Flutter Mane|0 fnt\n|faint|p2b: Flutter Mane\n|-end|p2b: Flutter Mane|Protosynthesis|[silent]\n|\n|-weather|SunnyDay|[upkeep]\n|upkeep\n|\n|t:|1746130613\n|switch|p2b: Indeedee|Indeedee-F, L50, F|100/100\n|switch|p1a: Kyogre|Kyogre, L50, shiny|100/100\n|-weather|RainDance|[from] ability: Drizzle|[of] p1a: Kyogre\n|-fieldstart|move: Psychic Terrain|[from] ability: Psychic Surge|[of] p2b: Indeedee\n|-enditem|p2b: Indeedee|Psychic Seed\n|-boost|p2b: Indeedee|spd|1|[from] item: Psychic Seed\n|turn|4\n|inactive|pantsuit has 30 seconds left.\n|inactive|GlickWithAGlock has 30 seconds left.\n|inactive|pantsuit has 20 seconds left.\n|inactive|pantsuit has 15 seconds left.\n|inactive|pantsuit has 10 seconds left.\n|\n|t:|1746130662\n|move|p2a: Koraidon|Protect|p2a: Koraidon\n|-singleturn|p2a: Koraidon|Protect\n|move|p1a: Kyogre|Origin Pulse|p2a: Koraidon|[spread] p2b\n|-activate|p2a: Koraidon|move: Protect\n|-damage|p2b: Indeedee|43/100\n|move|p1b: Miraidon|Dazzling Gleam|p2a: Koraidon|[spread] p2b\n|-activate|p2a: Koraidon|move: Protect\n|-damage|p2b: Indeedee|10/100\n|move|p2b: Indeedee|Psychic|p1b: Miraidon\n|-damage|p1b: Miraidon|0 fnt\n|faint|p1b: Miraidon\n|\n|-weather|RainDance|[upkeep]\n|upkeep\n|turn|5\n|\n|t:|1746130684\n|move|p2b: Indeedee|Helping Hand|p2a: Koraidon\n|-singleturn|p2a: Koraidon|Helping Hand|[of] p2b: Indeedee\n|move|p2a: Koraidon|Close Combat|p1a: Kyogre\n|-damage|p1a: Kyogre|0 fnt\n|-unboost|p2a: Koraidon|def|1\n|-unboost|p2a: Koraidon|spd|1\n|faint|p1a: Kyogre\n|-damage|p2a: Koraidon|35/100|[from] item: Life Orb\n|\n|win|pantsuit\n|raw|GlickWithAGlock's rating: 1345 &rarr; <strong>1328</strong><br />(-17 for losing)\n|raw|pantsuit's rating: 1394 &rarr; <strong>1411</strong><br />(+17 for winning)\n|l| entei enthusiast\n|c|\u2606GlickWithAGlock|ggs!\n|c|\u2606pantsuit|ggs\n|c|\u2606pantsuit|wp\n|c|\u2606GlickWithAGlock|very wp\n|c|\u2606GlickWithAGlock|that protect psychic line was clean af\n|c|\u2606pantsuit|thank you felt scary in the face of water spout\n|c|\u2606GlickWithAGlock|right but then you also took advantage of like\n|c|\u2606GlickWithAGlock|the fact that clicking spout was wayyy too risky for me there\n|c|\u2606GlickWithAGlock|id just eat a cc or something and then do -2 damage\n|c|\u2606pantsuit|for sure\n|c|\u2606pantsuit|you have a bulky farig\n|c|\u2606pantsuit|on the spdef\n|l|\u2606GlickWithAGlock\n|player|p1|\n", "uploadtime": 1746130721, "views": 10, "formatid": "gen9vgc2025regibo3", "rating": 1328, "private": 0, "password": null}