{"id": "gen9vgc2025regibo3-2355010277", "format": "[Gen 9] VGC 2025 Reg I (Bo3)", "players": ["Sticky Glob", "tg100"], "log": "|j|\u2606Sticky Glob\n|j|\u2606tg100\n|html|<table width=\"100%\"><tr><td align=\"left\">Sticky Glob</td><td align=\"right\">tg100</tr><tr><td align=\"left\"><i class=\"fa fa-circle-o\"></i> <i class=\"fa fa-circle-o\"></i> </td><td align=\"right\"><i class=\"fa fa-circle-o\"></i> <i class=\"fa fa-circle-o\"></i> </tr></table>\n|uhtml|bestof|<h2><strong>Game 1</strong> of <a href=\"/game-bestof3-gen9vgc2025regibo3-2355010276\">a best-of-3</a></h2>\n|t:|1746141684\n|gametype|doubles\n|player|p1|Sticky Glob|clown|1239\n|player|p2|tg100|1|1161\n|teamsize|p1|6\n|teamsize|p2|6\n|gen|9\n|tier|[Gen 9] VGC 2025 Reg I (Bo3)\n|rated|\n|rule|Species Clause: Limit one of each Pok\u00e9mon\n|rule|Item Clause: Limit 1 of each item\n|clearpoke\n|poke|p1|Calyrex-Shadow, L50|\n|poke|p1|Tornadus, L50, M|\n|poke|p1|Urshifu-*, L50, M|\n|poke|p1|Zamazenta-*, L50|\n|poke|p1|Rillaboom, L50, F|\n|poke|p1|Chien-Pao, L50|\n|poke|p2|Chi-Yu, L50|\n|poke|p2|Flutter Mane, L50|\n|poke|p2|Koraidon, L50|\n|poke|p2|Lunala, L50|\n|poke|p2|Landorus-Therian, L50, M|\n|poke|p2|Kingambit, L50, M|\n|teampreview|4\n|showteam|p1|Calyrex-Shadow||FocusSash|AsOneSpectrier|AstralBarrage,Psychic,Encore,Protect||||||50|,,,,,Ghost]Tornadus||RockyHelmet|Prankster|Tailwind,RainDance,BleakwindStorm,Protect|||M|||50|,,,,,Dark]Urshifu-Rapid-Strike||MysticWater|UnseenFist|SurgingStrikes,CloseCombat,AquaJet,Detect|||M|||50|,,,,,Water]Zamazenta-Crowned||RustedShield|DauntlessShield|BodyPress,HeavySlam,WideGuard,Protect||||||50|,,,,,Ghost]Rillaboom||AssaultVest|GrassySurge|WoodHammer,Uturn,GrassyGlide,FakeOut|||F|||50|,,,,,Fire]Chien-Pao||LifeOrb|SwordofRuin|IcicleCrash,IceShard,SuckerPunch,Protect||||||50|,,,,,Stellar\n|showteam|p2|Chi-Yu||ChoiceScarf|BeadsofRuin|HeatWave,DarkPulse,Overheat,Snarl||||||50|,,,,,Ghost]Flutter Mane||FocusSash|Protosynthesis|Moonblast,ShadowBall,IcyWind,Protect||||||50|,,,,,Fairy]Koraidon||ClearAmulet|OrichalcumPulse|CollisionCourse,FlareBlitz,FlameCharge,Protect||||||50|,,,,,Fire]Lunala||PowerHerb|ShadowShield|MoongeistBeam,MeteorBeam,WideGuard,TrickRoom||||||50|,,,,,Fairy]Landorus-Therian||ChoiceBand|Intimidate|Earthquake,StompingTantrum,RockSlide,Uturn|||M|||50|,,,,,Fairy]Kingambit||AssaultVest|Defiant|KowtowCleave,SuckerPunch,IronHead,TeraBlast|||M|||50|,,,,,Fairy\n|inactive|Battle timer is ON: inactive players will automatically lose when time's up. (requested by Sticky Glob)\n|inactive|Sticky Glob has 60 seconds left.\n|\n|t:|1746141722\n|start\n|switch|p1a: Tornadus|Tornadus, L50, M|100/100\n|switch|p1b: Urshifu|Urshifu-Rapid-Strike, L50, M|100/100\n|switch|p2a: Chi-Yu|Chi-Yu, L50|100/100\n|switch|p2b: Koraidon|Koraidon, L50|100/100\n|-ability|p2a: Chi-Yu|Beads of Ruin\n|-weather|SunnyDay|[from] ability: Orichalcum Pulse|[of] p2b: Koraidon\n|-activate|p2b: Koraidon|Orichalcum Pulse|[source]\n|turn|1\n|\n|t:|1746141745\n|switch|p2a: Lunala|Lunala, L50|100/100\n|move|p1a: Tornadus|Rain Dance|p1a: Tornadus\n|-weather|RainDance\n|move|p1b: Urshifu|Aqua Jet|p2a: Lunala\n|-damage|p2a: Lunala|86/100\n|move|p2b: Koraidon|Collision Course|p1b: Urshifu\n|-damage|p1b: Urshifu|57/100\n|\n|-weather|RainDance|[upkeep]\n|upkeep\n|turn|2\n|inactive|tg100 has 30 seconds left.\n|\n|t:|1746141772\n|-terastallize|p1b: Urshifu|Water\n|move|p1a: Tornadus|Tailwind|p1a: Tornadus\n|-sidestart|p1: Sticky Glob|move: Tailwind\n|move|p1b: Urshifu|Surging Strikes|p2a: Lunala\n|-crit|p2a: Lunala\n|-damage|p2a: Lunala|52/100\n|-crit|p2a: Lunala\n|-damage|p2a: Lunala|18/100\n|-crit|p2a: Lunala\n|-damage|p2a: Lunala|0 fnt\n|faint|p2a: Lunala\n|-hitcount|p2: Lunala|3\n|move|p2b: Koraidon|Collision Course|p1b: Urshifu\n|-damage|p1b: Urshifu|12/100\n|\n|-weather|RainDance|[upkeep]\n|upkeep\n|\n|t:|1746141787\n|switch|p2a: Flutter Mane|Flutter Mane, L50|100/100\n|turn|3\n|\n|t:|1746141801\n|move|p1a: Tornadus|Bleakwind Storm|p2b: Koraidon|[spread] p2a,p2b\n|-supereffective|p2b: Koraidon\n|-damage|p2a: Flutter Mane|65/100\n|-damage|p2b: Koraidon|44/100\n|-unboost|p2a: Flutter Mane|spe|1\n|move|p1b: Urshifu|Surging Strikes|p2a: Flutter Mane\n|-crit|p2a: Flutter Mane\n|-damage|p2a: Flutter Mane|0 fnt\n|faint|p2a: Flutter Mane\n|-end|p2a: Flutter Mane|Protosynthesis|[silent]\n|-hitcount|p2: Flutter Mane|1\n|move|p2b: Koraidon|Collision Course|p1b: Urshifu\n|-damage|p1b: Urshifu|0 fnt\n|faint|p1b: Urshifu\n|\n|-weather|RainDance|[upkeep]\n|upkeep\n|\n|t:|1746141819\n|switch|p2a: Chi-Yu|Chi-Yu, L50|100/100\n|switch|p1b: Calyrex|Calyrex-Shadow, L50|100/100\n|-ability|p1b: Calyrex|As One\n|-ability|p1b: Calyrex|Unnerve\n|-ability|p2a: Chi-Yu|Beads of Ruin\n|turn|4\n|\n|t:|1746141833\n|move|p1b: Calyrex|Astral Barrage|p2a: Chi-Yu|[spread] p2a,p2b\n|-resisted|p2a: Chi-Yu\n|-damage|p2a: Chi-Yu|68/100\n|-damage|p2b: Koraidon|0 fnt\n|faint|p2b: Koraidon\n|-ability|p1b: Calyrex|Grim Neigh|boost\n|-boost|p1b: Calyrex|spa|1\n|move|p1a: Tornadus|Bleakwind Storm|p2a: Chi-Yu\n|-damage|p2a: Chi-Yu|18/100\n|-unboost|p2a: Chi-Yu|spe|1\n|move|p2a: Chi-Yu|Snarl|p1a: Tornadus|[spread] p1a,p1b\n|-supereffective|p1b: Calyrex\n|-damage|p1a: Tornadus|60/100\n|-enditem|p1b: Calyrex|Focus Sash\n|-damage|p1b: Calyrex|1/100\n|-unboost|p1a: Tornadus|spa|1\n|-unboost|p1b: Calyrex|spa|1\n|\n|-weather|RainDance|[upkeep]\n|upkeep\n|turn|5\n|\n|t:|1746141840\n|move|p1b: Calyrex|Astral Barrage|p2a: Chi-Yu\n|-resisted|p2a: Chi-Yu\n|-damage|p2a: Chi-Yu|0 fnt\n|faint|p2a: Chi-Yu\n|\n|win|Sticky Glob\n||Sticky Glob is ready for game 2.\n||tg100 is ready for game 2.\n|uhtml|next|Next: <a href=\"/battle-gen9vgc2025regibo3-2355011663\"><strong>Game 2 of 3</strong></a>\n", "uploadtime": 1746142144, "views": 3, "formatid": "gen9vgc2025regibo3", "rating": null, "private": 0, "password": null}