{"id": "gen9vgc2025regibo3-2353496475", "format": "[Gen 9] VGC 2025 Reg I (Bo3)", "players": ["Plexios", "Nutchup"], "log": "|j|\u2606Plexios\n|j|\u2606Nutchup\n|html|<table width=\"100%\"><tr><td align=\"left\">Plexios</td><td align=\"right\">Nutchup</tr><tr><td align=\"left\"><i class=\"fa fa-circle-o\"></i> <i class=\"fa fa-circle-o\"></i> </td><td align=\"right\"><i class=\"fa fa-circle-o\"></i> <i class=\"fa fa-circle-o\"></i> </tr></table>\n|uhtml|bestof|<h2><strong>Game 1</strong> of <a href=\"/game-bestof3-gen9vgc2025regibo3-2353496474\">a best-of-3</a></h2>\n|t:|1745961457\n|gametype|doubles\n|player|p1|Plexios|102|1133\n|player|p2|Nutchup|janitor|1025\n|teamsize|p1|6\n|teamsize|p2|6\n|gen|9\n|tier|[Gen 9] VGC 2025 Reg I (Bo3)\n|rated|\n|rule|Species Clause: Limit one of each Pok\u00e9mon\n|rule|Item Clause: Limit 1 of each item\n|clearpoke\n|poke|p1|Calyrex-Shadow, L50|\n|poke|p1|Zamazenta-*, L50|\n|poke|p1|Urshifu-*, L50, M|\n|poke|p1|Farigiraf, L50, M|\n|poke|p1|Rillaboom, L50, M|\n|poke|p1|Ogerpon-Hearthflame, L50, F|\n|poke|p2|Calyrex-Ice, L50|\n|poke|p2|Reshiram, L50|\n|poke|p2|Grimmsnarl, L50, M|\n|poke|p2|Urshifu-*, L50, M|\n|poke|p2|Ogerpon-Wellspring, L50, F|\n|poke|p2|Alcremie-Ruby-Cream, L50, F|\n|teampreview|4\n|showteam|p1|Calyrex-Shadow||LifeOrb|AsOneSpectrier|AstralBarrage,Protect,DrainingKiss,Encore||||||50|,,,,,Fairy]Zamazenta-Crowned||RustedShield|DauntlessShield|BodyPress,HeavySlam,WideGuard,Protect||||||50|,,,,,Ghost]Urshifu-Rapid-Strike||ChoiceScarf|UnseenFist|SurgingStrikes,CloseCombat,AquaJet,Uturn|||M|||50|,,,,,Water]Farigiraf||SitrusBerry|ArmorTail|Psychic,TrickRoom,DazzlingGleam,HelpingHand|||M|||50|,,,,,Water]Rillaboom||AssaultVest|GrassySurge|WoodHammer,GrassyGlide,HighHorsepower,FakeOut|||M|||50|,,,,,Water]Ogerpon-Hearthflame||HearthflameMask|MoldBreaker|FollowMe,IvyCudgel,SpikyShield,GrassyGlide|||F|||50|,,,,,Fire\n|showteam|p2|Calyrex-Ice||ClearAmulet|AsOneGlastrier|GlacialLance,HighHorsepower,TrickRoom,Protect||||||50|,,,,,Water]Reshiram||WideLens|Turboblaze|Tailwind,BlueFlare,DracoMeteor,Protect||||||50|,,,,,Fairy]Grimmsnarl||LightClay|Prankster|LightScreen,MistyTerrain,Reflect,SpiritBreak|||M|||50|,,,,,Ghost]Urshifu||LifeOrb|UnseenFist|WickedBlow,CloseCombat,SuckerPunch,IronHead|||M|||50|,,,,,Dark]Ogerpon-Wellspring||WellspringMask|WaterAbsorb|FollowMe,IvyCudgel,PowerWhip,SpikyShield|||F|||50|,,,,,Water]Alcremie-Ruby-Cream||RoomService|AromaVeil|AlluringVoice,Decorate,Protect,HelpingHand|||F|||50|,,,,,Grass\n|inactive|Battle timer is ON: inactive players will automatically lose when time's up. (requested by Nutchup)\n|inactive|Plexios has 60 seconds left.\n|inactive|Nutchup has 60 seconds left.\n|inactive|Plexios has 30 seconds left.\n|inactive|Nutchup has 30 seconds left.\n|inactive|Nutchup has 20 seconds left.\n|inactive|Nutchup has 15 seconds left.\n|inactive|Nutchup has 10 seconds left.\n|inactive|Nutchup has 5 seconds left.\n|\n|t:|1745961554\n|start\n|switch|p1a: Ogerpon|Ogerpon-Hearthflame, L50, F|100/100\n|switch|p1b: Calyrex|Calyrex-Shadow, L50|100/100\n|switch|p2a: Calyrex|Calyrex-Ice, L50|100/100\n|switch|p2b: Reshiram|Reshiram, L50|100/100\n|-ability|p1b: Calyrex|As One\n|-ability|p1b: Calyrex|Unnerve\n|-ability|p2a: Calyrex|As One\n|-ability|p2a: Calyrex|Unnerve\n|-ability|p1a: Ogerpon|Mold Breaker\n|-ability|p2b: Reshiram|Turboblaze\n|turn|1\n|inactive|Plexios has 30 seconds left.\n|\n|t:|1745961584\n|-terastallize|p2a: Calyrex|Water\n|move|p1b: Calyrex|Astral Barrage|p2b: Reshiram|[spread] p2a,p2b\n|-damage|p2a: Calyrex|57/100\n|-damage|p2b: Reshiram|49/100\n|-damage|p1b: Calyrex|91/100|[from] item: Life Orb\n|move|p1a: Ogerpon|Ivy Cudgel|p2a: Calyrex|[anim] Ivy Cudgel Fire\n|-resisted|p2a: Calyrex\n|-damage|p2a: Calyrex|38/100\n|move|p2b: Reshiram|Tailwind|p2b: Reshiram\n|-sidestart|p2: Nutchup|move: Tailwind\n|move|p2a: Calyrex|Glacial Lance|p1a: Ogerpon|[spread] p1a,p1b\n|-damage|p1a: Ogerpon|36/100\n|-damage|p1b: Calyrex|14/100\n|\n|upkeep\n|turn|2\n|inactive|Plexios has 30 seconds left.\n|inactive|Nutchup has 30 seconds left.\n|inactive|Nutchup has 20 seconds left.\n|inactive|Nutchup has 15 seconds left.\n|inactive|Nutchup has 10 seconds left.\n|inactive|Nutchup has 5 seconds left.\n|\n|t:|1745961639\n|move|p1a: Ogerpon|Follow Me|p1a: Ogerpon\n|-singleturn|p1a: Ogerpon|move: Follow Me\n|move|p1b: Calyrex|Astral Barrage|p2b: Reshiram|[spread] p2a,p2b\n|-crit|p2a: Calyrex\n|-crit|p2b: Reshiram\n|-damage|p2a: Calyrex|0 fnt\n|-damage|p2b: Reshiram|0 fnt\n|faint|p2a: Calyrex\n|faint|p2b: Reshiram\n|-ability|p1b: Calyrex|Grim Neigh|boost\n|-boost|p1b: Calyrex|spa|2\n|-damage|p1b: Calyrex|4/100|[from] item: Life Orb\n|\n|upkeep\n|-message|Nutchup forfeited.\n|\n|win|Plexios\n|l|\u2606Nutchup\n|player|p2|\n|raw|Plexios's rating: 1133 &rarr; <strong>1150</strong><br />(+17 for winning)\n|raw|Nutchup's rating: 1025 &rarr; <strong>1015</strong><br />(-10 for losing)\n|l|\u2606Plexios\n|player|p1|\n", "uploadtime": 1745962002, "views": 22, "formatid": "gen9vgc2025regibo3", "rating": 1015, "private": 0, "password": null}