{"id": "gen9vgc2025regibo3-2354710267", "format": "[Gen 9] VGC 2025 Reg I (Bo3)", "players": ["pantsuit", "SheSewOnMyWaddle"], "log": "|j|\u2606pantsuit\n|j|\u2606SheSewOnMyWaddle\n|html|<table width=\"100%\"><tr><td align=\"left\">pantsuit</td><td align=\"right\">SheSewOnMyWaddle</tr><tr><td align=\"left\"><i class=\"fa fa-circle\"></i> <i class=\"fa fa-circle-o\"></i> </td><td align=\"right\"><i class=\"fa fa-circle-o\"></i> <i class=\"fa fa-circle-o\"></i> </tr></table>\n|uhtml|bestof|<h2><strong>Game 2</strong> of <a href=\"/game-bestof3-gen9vgc2025regibo3-2354708660\">a best-of-3</a></h2>\n|t:|1746112895\n|gametype|doubles\n|player|p1|pantsuit|102|1338\n|player|p2|SheSewOnMyWaddle|pokefanf|1386\n|teamsize|p1|6\n|teamsize|p2|6\n|gen|9\n|tier|[Gen 9] VGC 2025 Reg I (Bo3)\n|rated|\n|rule|Species Clause: Limit one of each Pok\u00e9mon\n|rule|Item Clause: Limit 1 of each item\n|clearpoke\n|poke|p1|Koraidon, L50|\n|poke|p1|Lunala, L50|\n|poke|p1|Chi-Yu, L50|\n|poke|p1|Ursaluna, L50, F|\n|poke|p1|Brute Bonnet, L50|\n|poke|p1|Flutter Mane, L50|\n|poke|p2|Groudon, L50|\n|poke|p2|Ho-Oh, L50|\n|poke|p2|Brute Bonnet, L50|\n|poke|p2|Raging Bolt, L50|\n|poke|p2|Okidogi, L50, M|\n|poke|p2|Flutter Mane, L50|\n|teampreview|4\n|showteam|p1|Koraidon||LifeOrb|OrichalcumPulse|FlareBlitz,FlameCharge,CloseCombat,Protect||||||50|,,,,,Fire]Lunala||PowerHerb|ShadowShield|MoongeistBeam,MeteorBeam,WideGuard,TrickRoom||||||50|,,,,,Water]Chi-Yu||ChoiceScarf|BeadsofRuin|Overheat,HeatWave,DarkPulse,Snarl||||||50|,,,,,Ghost]Ursaluna||FlameOrb|Guts|Facade,Earthquake,HeadlongRush,Protect|||F|||50|,,,,,Water]Brute Bonnet||CovertCloak|Protosynthesis|SeedBomb,SuckerPunch,Spore,RagePowder||||||50|,,,,,Water]Flutter Mane||FocusSash|Protosynthesis|Moonblast,IcyWind,ShadowBall,Protect||||||50|,,,,,Normal\n|showteam|p2|Groudon||ClearAmulet|Drought|PrecipiceBlades,HighHorsepower,Protect,HeatCrash||||||50|,,,,,Fire]Ho-Oh||Leftovers|Regenerator|BraveBird,SacredFire,Protect,Tailwind||||||50|,,,,,Grass]Brute Bonnet||RockyHelmet|Protosynthesis|SeedBomb,SuckerPunch,Spore,RagePowder||||||50|,,,,,Water]Raging Bolt||AssaultVest|Protosynthesis|Thunderbolt,DracoMeteor,Snarl,Thunderclap||||||50|,,,,,Electric]Okidogi||SafetyGoggles|GuardDog|GunkShot,CloseCombat,Protect,Taunt|||M|||50|,,,,,Water]Flutter Mane||FocusSash|Protosynthesis|Moonblast,DazzlingGleam,Protect,IcyWind||||||50|,,,,,Fairy\n|\n|t:|1746112909\n|start\n|switch|p1a: Koraidon|Koraidon, L50|100/100\n|switch|p1b: Brute Bonnet|Brute Bonnet, L50|100/100\n|switch|p2a: Groudon|Groudon, L50|100/100\n|switch|p2b: Brute Bonnet|Brute Bonnet, L50|100/100\n|-weather|SunnyDay|[from] ability: Orichalcum Pulse|[of] p1a: Koraidon\n|-activate|p2b: Brute Bonnet|ability: Protosynthesis\n|-start|p2b: Brute Bonnet|protosynthesisdef\n|-activate|p1b: Brute Bonnet|ability: Protosynthesis\n|-start|p1b: Brute Bonnet|protosynthesisdef\n|-activate|p1a: Koraidon|Orichalcum Pulse|[source]\n|turn|1\n|\n|t:|1746112952\n|-terastallize|p1b: Brute Bonnet|Water\n|-terastallize|p2b: Brute Bonnet|Water\n|move|p1a: Koraidon|Flare Blitz|p2b: Brute Bonnet\n|-resisted|p2b: Brute Bonnet\n|-damage|p2b: Brute Bonnet|70/100\n|-damage|p1a: Koraidon|84/100|[from] item: Rocky Helmet|[of] p2b: Brute Bonnet\n|-damage|p1a: Koraidon|72/100|[from] Recoil\n|-damage|p1a: Koraidon|62/100|[from] item: Life Orb\n|move|p2a: Groudon|Precipice Blades|p1a: Koraidon|[spread] p1a\n|-miss|p2a: Groudon|p1b: Brute Bonnet\n|-damage|p1a: Koraidon|12/100\n|move|p2b: Brute Bonnet|Spore|p1a: Koraidon\n|-status|p1a: Koraidon|slp|[from] move: Spore\n|move|p1b: Brute Bonnet|Spore|p2a: Groudon\n|-status|p2a: Groudon|slp|[from] move: Spore\n|\n|-weather|SunnyDay|[upkeep]\n|upkeep\n|turn|2\n|\n|t:|1746112989\n|switch|p1a: Ursaluna|Ursaluna, L50, F|100/100\n|cant|p2a: Groudon|slp\n|move|p1b: Brute Bonnet|Seed Bomb|p2a: Groudon\n|-supereffective|p2a: Groudon\n|-damage|p2a: Groudon|57/100 slp\n|move|p2b: Brute Bonnet|Spore|p1b: Brute Bonnet\n|-status|p1b: Brute Bonnet|slp|[from] move: Spore\n|\n|-weather|SunnyDay|[upkeep]\n|-status|p1a: Ursaluna|brn|[from] item: Flame Orb\n|upkeep\n|turn|3\n|\n|t:|1746113005\n|cant|p2a: Groudon|slp\n|move|p2b: Brute Bonnet|Seed Bomb|p1a: Ursaluna\n|-supereffective|p1a: Ursaluna\n|-damage|p1a: Ursaluna|49/100 brn\n|cant|p1b: Brute Bonnet|slp\n|move|p1a: Ursaluna|Facade|p2a: Groudon\n|-damage|p2a: Groudon|0 fnt\n|faint|p2a: Groudon\n|\n|-weather|SunnyDay|[upkeep]\n|-damage|p1a: Ursaluna|44/100 brn|[from] brn\n|upkeep\n|\n|t:|1746113016\n|switch|p2a: Raging Bolt|Raging Bolt, L50|100/100\n|-activate|p2a: Raging Bolt|ability: Protosynthesis\n|-start|p2a: Raging Bolt|protosynthesisspa\n|turn|4\n|\n|t:|1746113025\n|move|p2a: Raging Bolt|Thunderbolt|p1b: Brute Bonnet\n|-supereffective|p1b: Brute Bonnet\n|-damage|p1b: Brute Bonnet|0 fnt\n|faint|p1b: Brute Bonnet\n|-end|p1b: Brute Bonnet|Protosynthesis|[silent]\n|move|p2b: Brute Bonnet|Seed Bomb|p1a: Ursaluna\n|-supereffective|p1a: Ursaluna\n|-damage|p1a: Ursaluna|0 fnt\n|faint|p1a: Ursaluna\n|\n|-weather|SunnyDay|[upkeep]\n|upkeep\n|\n|t:|1746113032\n|switch|p1b: Koraidon|Koraidon, L50|12/100 slp\n|switch|p1a: Lunala|Lunala, L50|100/100\n|-activate|p1b: Koraidon|ability: Orichalcum Pulse\n|turn|5\n|-message|pantsuit forfeited.\n|\n|win|SheSewOnMyWaddle\n||pantsuit is ready for game 3.\n||SheSewOnMyWaddle is ready for game 3.\n|uhtml|next|Next: <a href=\"/battle-gen9vgc2025regibo3-2354711887\"><strong>Game 3 of 3</strong></a>\n|l|\u2606pantsuit\n|player|p1|\n|l|\u2606SheSewOnMyWaddle\n|player|p2|\n", "uploadtime": 1746113358, "views": 5, "formatid": "gen9vgc2025regibo3", "rating": null, "private": 0, "password": null}