{"id": "gen9vgc2025regibo3-2353764106", "format": "[Gen 9] VGC 2025 Reg I (Bo3)", "players": ["ClayPlayTV", "AtePlays"], "log": "|j|\u2606ClayPlayTV\n|j|\u2606AtePlays\n|html|<table width=\"100%\"><tr><td align=\"left\">ClayPlayTV</td><td align=\"right\">AtePlays</tr><tr><td align=\"left\"><i class=\"fa fa-circle-o\"></i> <i class=\"fa fa-circle-o\"></i> </td><td align=\"right\"><i class=\"fa fa-circle-o\"></i> <i class=\"fa fa-circle-o\"></i> </tr></table>\n|uhtml|bestof|<h2><strong>Game 1</strong> of <a href=\"/game-bestof3-gen9vgc2025regibo3-2353764104\">a best-of-3</a></h2>\n|t:|1745995998\n|gametype|doubles\n|player|p1|ClayPlayTV|169|1026\n|player|p2|AtePlays|170|1105\n|teamsize|p1|6\n|teamsize|p2|6\n|gen|9\n|tier|[Gen 9] VGC 2025 Reg I (Bo3)\n|rated|\n|rule|Species Clause: Limit one of each Pok\u00e9mon\n|rule|Item Clause: Limit 1 of each item\n|clearpoke\n|poke|p1|Miraidon, L50|\n|poke|p1|Lunala, L50|\n|poke|p1|Whimsicott, L50, M|\n|poke|p1|Chi-Yu, L50|\n|poke|p1|Urshifu-*, L50, M|\n|poke|p1|Iron Hands, L50|\n|poke|p2|Ogerpon-Hearthflame, L50, F|\n|poke|p2|Calyrex-Ice, L50|\n|poke|p2|Farigiraf, L50, F|\n|poke|p2|Whimsicott, L50, F|\n|poke|p2|Zacian-*, L50|\n|poke|p2|Flutter Mane, L50|\n|teampreview|4\n|showteam|p1|Miraidon||ChoiceSpecs|HadronEngine|ElectroDrift,VoltSwitch,DracoMeteor,DazzlingGleam||||||50|,,,,,Fairy]Lunala||ElectricSeed|ShadowShield|MoongeistBeam,Psyshock,TrickRoom,WideGuard||||||50|,,,,,Water]Whimsicott||CovertCloak|Prankster|Moonblast,Tailwind,Encore,LightScreen|||M|||50|,,,,,Dark]Chi-Yu||ChoiceScarf|BeadsofRuin|HeatWave,DarkPulse,Overheat,Snarl||||||50|,,,,,Ghost]Urshifu-Rapid-Strike||FocusSash|UnseenFist|SurgingStrikes,CloseCombat,AquaJet,Detect|||M|||50|,,,,,Stellar]Iron Hands||AssaultVest|QuarkDrive|DrainPunch,LowKick,HeavySlam,FakeOut||||||50|,,,,,Water\n|showteam|p2|Ogerpon-Hearthflame||HearthflameMask|MoldBreaker|FollowMe,HelpingHand,IvyCudgel,SpikyShield|||F|||50|,,,,,Fire]Calyrex-Ice||ClearAmulet|AsOneGlastrier|GlacialLance,HighHorsepower,TrickRoom,Protect||||||50|,,,,,Water]Farigiraf||ElectricSeed|ArmorTail|Protect,HelpingHand,TrickRoom,Psychic|||F|||50|,,,,,Steel]Whimsicott||FocusSash|Prankster|Tailwind,Encore,Protect,Taunt|||F|||50|,,,,,Grass]Zacian-Crowned||RustedSword|IntrepidSword|SwordsDance,behemothblade,SacredSword,PlayRough||||||50|,,,,,Dragon]Flutter Mane||BoosterEnergy|Protosynthesis|IcyWind,Moonblast,Protect,HelpingHand||||||50|,,,,,Ghost\n|\n|t:|1745996069\n|start\n|switch|p1a: Miraidon|Miraidon, L50|100/100\n|switch|p1b: Chi-Yu|Chi-Yu, L50|100/100\n|switch|p2a: Calyrex|Calyrex-Ice, L50|100/100\n|switch|p2b: Ogerpon|Ogerpon-Hearthflame, L50, F|100/100\n|-ability|p2a: Calyrex|As One\n|-ability|p2a: Calyrex|Unnerve\n|-ability|p1b: Chi-Yu|Beads of Ruin\n|-fieldstart|move: Electric Terrain|[from] ability: Hadron Engine|[of] p1a: Miraidon\n|-ability|p2b: Ogerpon|Mold Breaker\n|turn|1\n|\n|t:|1745996104\n|-terastallize|p1a: Miraidon|Fairy\n|move|p2a: Calyrex|Protect|p2a: Calyrex\n|-singleturn|p2a: Calyrex|Protect\n|move|p1b: Chi-Yu|Heat Wave|p2b: Ogerpon|[spread] p2b\n|-activate|p2a: Calyrex|move: Protect\n|-crit|p2b: Ogerpon\n|-damage|p2b: Ogerpon|19/100\n|move|p1a: Miraidon|Dazzling Gleam|p2b: Ogerpon|[spread] p2b\n|-activate|p2a: Calyrex|move: Protect\n|-resisted|p2b: Ogerpon\n|-damage|p2b: Ogerpon|0 fnt\n|faint|p2b: Ogerpon\n|\n|upkeep\n|inactive|Battle timer is ON: inactive players will automatically lose when time's up. (requested by ClayPlayTV)\n|\n|t:|1745996130\n|switch|p2b: Farigiraf|Farigiraf, L50, F|100/100\n|-enditem|p2b: Farigiraf|Electric Seed\n|-boost|p2b: Farigiraf|def|1|[from] item: Electric Seed\n|turn|2\n|\n|t:|1745996148\n|-terastallize|p2a: Calyrex|Water\n|move|p2b: Farigiraf|Helping Hand|p2a: Calyrex\n|-singleturn|p2a: Calyrex|Helping Hand|[of] p2b: Farigiraf\n|move|p1b: Chi-Yu|Heat Wave|p2b: Farigiraf|[spread] p2a\n|-miss|p1b: Chi-Yu|p2b: Farigiraf\n|-resisted|p2a: Calyrex\n|-damage|p2a: Calyrex|84/100\n|-status|p2a: Calyrex|brn\n|move|p1a: Miraidon|Dazzling Gleam|p2a: Calyrex|[spread] p2a,p2b\n|-damage|p2a: Calyrex|31/100 brn\n|-damage|p2b: Farigiraf|12/100\n|move|p2a: Calyrex|Glacial Lance|p1a: Miraidon|[spread] p1a,p1b\n|-resisted|p1b: Chi-Yu\n|-damage|p1a: Miraidon|57/100\n|-damage|p1b: Chi-Yu|63/100\n|\n|-damage|p2a: Calyrex|25/100 brn|[from] brn\n|upkeep\n|turn|3\n|\n|t:|1745996172\n|switch|p1b: Iron Hands|Iron Hands, L50|100/100\n|-activate|p1b: Iron Hands|ability: Quark Drive\n|-start|p1b: Iron Hands|quarkdriveatk\n|move|p2b: Farigiraf|Protect|p2b: Farigiraf\n|-singleturn|p2b: Farigiraf|Protect\n|move|p1a: Miraidon|Dazzling Gleam|p2a: Calyrex|[spread] p2a\n|-activate|p2b: Farigiraf|move: Protect\n|-crit|p2a: Calyrex\n|-damage|p2a: Calyrex|0 fnt\n|faint|p2a: Calyrex\n|\n|upkeep\n|\n|t:|1745996183\n|switch|p2a: Zacian|Zacian-Crowned, L50|100/100\n|-ability|p2a: Zacian|Intrepid Sword|boost\n|-boost|p2a: Zacian|atk|1\n|turn|4\n|inactive|AtePlays has 30 seconds left.\n|\n|t:|1745996212\n|switch|p1a: Urshifu|Urshifu-Rapid-Strike, L50, M|100/100\n|move|p2b: Farigiraf|Helping Hand|p2a: Zacian\n|-singleturn|p2a: Zacian|Helping Hand|[of] p2b: Farigiraf\n|move|p2a: Zacian|Behemoth Blade|p1a: Urshifu\n|-resisted|p1a: Urshifu\n|-damage|p1a: Urshifu|27/100\n|move|p1b: Iron Hands|Low Kick|p2a: Zacian\n|-damage|p2a: Zacian|18/100\n|\n|upkeep\n|turn|5\n|\n|t:|1745996234\n|move|p2b: Farigiraf|Helping Hand|p2a: Zacian\n|-singleturn|p2a: Zacian|Helping Hand|[of] p2b: Farigiraf\n|move|p1a: Urshifu|Detect|p1a: Urshifu\n|-singleturn|p1a: Urshifu|Protect\n|move|p2a: Zacian|Behemoth Blade|p1a: Urshifu\n|-activate|p1a: Urshifu|move: Protect\n|move|p1b: Iron Hands|Low Kick|p2b: Farigiraf\n|-damage|p2b: Farigiraf|0 fnt\n|faint|p2b: Farigiraf\n|\n|-fieldend|move: Electric Terrain\n|-end|p1b: Iron Hands|Quark Drive\n|upkeep\n|turn|6\n|\n|t:|1745996255\n|move|p2a: Zacian|Behemoth Blade|p1a: Urshifu\n|-resisted|p1a: Urshifu\n|-damage|p1a: Urshifu|0 fnt\n|faint|p1a: Urshifu\n|move|p1b: Iron Hands|Drain Punch|p2a: Zacian\n|-damage|p2a: Zacian|0 fnt\n|faint|p2a: Zacian\n|\n|win|ClayPlayTV\n|inactive|ClayPlayTV has 30 seconds to confirm battle start!\n|inactive|AtePlays has 30 seconds to confirm battle start!\n|l|\u2606AtePlays\n|player|p2|\n||ClayPlayTV is ready for game 2.\n||AtePlays is ready for game 2.\n|uhtml|next|Next: <a href=\"/battle-gen9vgc2025regibo3-2353765769\"><strong>Game 2 of 3</strong></a>\n", "uploadtime": 1745996466, "views": 7, "formatid": "gen9vgc2025regibo3", "rating": null, "private": 0, "password": null}