{"id": "gen9vgc2025regibo3-2353625151", "format": "[Gen 9] VGC 2025 Reg I (Bo3)", "players": ["BtheMan", "lukadoncicsglizzy"], "log": "|j|\u2606BtheMan\n|j|\u2606lukadoncicsglizzy\n|html|<table width=\"100%\"><tr><td align=\"left\">BtheMan</td><td align=\"right\">lukadoncicsglizzy</tr><tr><td align=\"left\"><i class=\"fa fa-circle-o\"></i> <i class=\"fa fa-circle-o\"></i> </td><td align=\"right\"><i class=\"fa fa-circle-o\"></i> <i class=\"fa fa-circle-o\"></i> </tr></table>\n|uhtml|bestof|<h2><strong>Game 1</strong> of <a href=\"/game-bestof3-gen9vgc2025regibo3-2353625150\">a best-of-3</a></h2>\n|t:|1745976047\n|gametype|doubles\n|player|p1|BtheMan|fisherman|1164\n|player|p2|lukadoncicsglizzy|169|1246\n|teamsize|p1|6\n|teamsize|p2|6\n|gen|9\n|tier|[Gen 9] VGC 2025 Reg I (Bo3)\n|rated|\n|rule|Species Clause: Limit one of each Pok\u00e9mon\n|rule|Item Clause: Limit 1 of each item\n|clearpoke\n|poke|p1|Miraidon, L50|\n|poke|p1|Calyrex-Ice, L50|\n|poke|p1|Grimmsnarl, L50, M|\n|poke|p1|Iron Hands, L50|\n|poke|p1|Ditto, L50|\n|poke|p1|Torkoal, L50, M|\n|poke|p2|Zacian-*, L50|\n|poke|p2|Calyrex-Shadow, L50|\n|poke|p2|Tornadus, L50, M|\n|poke|p2|Urshifu-*, L50, F|\n|poke|p2|Rillaboom, L50, F|\n|poke|p2|Ogerpon-Cornerstone, L50, F|\n|teampreview|4\n|showteam|p1|Miraidon||ChoiceSpecs|HadronEngine|ElectroDrift,DracoMeteor,VoltSwitch,DazzlingGleam||||||50|,,,,,Fairy]Calyrex-Ice||ClearAmulet|AsOneGlastrier|GlacialLance,HighHorsepower,TrickRoom,Protect||||||50|,,,,,Water]Grimmsnarl||LightClay|Prankster|SpiritBreak,Reflect,LightScreen,ThunderWave|||M|||50|,,,,,Ghost]Iron Hands||AssaultVest|QuarkDrive|DrainPunch,FakeOut,HeavySlam,LowKick||||||50|,,,,,Water]Ditto||FocusSash|Imposter|Transform||||||50|,,,,,Normal]Torkoal||Charcoal|Drought|Eruption,WeatherBall,HeatWave,EarthPower|||M|||50|,,,,,Fire\n|showteam|p2|Zacian-Crowned||RustedSword|IntrepidSword|PlayRough,behemothblade,SacredSword,Protect||||||50|,,,,,Water]Calyrex-Shadow||FocusSash|AsOneSpectrier|AstralBarrage,Psychic,Taunt,Protect||||||50|,,,,,Ghost]Tornadus||AbilityShield|Prankster|Tailwind,RainDance,BleakwindStorm,Protect|||M|||50|,,,,,Dark]Urshifu-Rapid-Strike||MysticWater|UnseenFist|SurgingStrikes,AquaJet,Taunt,Detect|||F|||50|,,,,,Water]Rillaboom||AssaultVest|GrassySurge|WoodHammer,GrassyGlide,KnockOff,FakeOut|||F|||50|,,,,,Fire]Ogerpon-Cornerstone||CornerstoneMask|Sturdy|IvyCudgel,PowerWhip,FollowMe,SpikyShield|||F|||50|,,,,,Rock\n|inactive|Battle timer is ON: inactive players will automatically lose when time's up. (requested by BtheMan)\n|inactive|BtheMan has 60 seconds left.\n|inactive|lukadoncicsglizzy has 60 seconds left.\n|\n|t:|1745976088\n|start\n|switch|p1a: Miraidon|Miraidon, L50|100/100\n|switch|p1b: Calyrex|Calyrex-Ice, L50|100/100\n|switch|p2a: Calyrex|Calyrex-Shadow, L50|100/100\n|switch|p2b: Zacian|Zacian-Crowned, L50|100/100\n|-ability|p2a: Calyrex|As One\n|-ability|p2a: Calyrex|Unnerve\n|-ability|p1b: Calyrex|As One\n|-ability|p1b: Calyrex|Unnerve\n|-ability|p2b: Zacian|Intrepid Sword|boost\n|-boost|p2b: Zacian|atk|1\n|-fieldstart|move: Electric Terrain|[from] ability: Hadron Engine|[of] p1a: Miraidon\n|turn|1\n|inactive|lukadoncicsglizzy has 30 seconds left.\n|\n|t:|1745976122\n|-terastallize|p2a: Calyrex|Ghost\n|move|p1b: Calyrex|Protect|p1b: Calyrex\n|-singleturn|p1b: Calyrex|Protect\n|move|p2a: Calyrex|Astral Barrage|p1b: Calyrex|[spread] p1a\n|-activate|p1b: Calyrex|move: Protect\n|-damage|p1a: Miraidon|33/100\n|move|p2b: Zacian|Sacred Sword|p1b: Calyrex\n|-activate|p1b: Calyrex|move: Protect\n|move|p1a: Miraidon|Volt Switch|p2a: Calyrex\n|-damage|p2a: Calyrex|3/100\n|\n|t:|1745976136\n|switch|p1a: Ditto|Ditto, L50|100/100|[from] Volt Switch\n|-transform|p1a: Ditto|p2b: Zacian|[from] ability: Imposter\n|-ability|p1a: Ditto|Intrepid Sword|boost\n|-boost|p1a: Ditto|atk|1\n|\n|upkeep\n|turn|2\n|inactive|BtheMan has 30 seconds left.\n|\n|t:|1745976166\n|move|p2a: Calyrex|Astral Barrage|p1b: Calyrex|[spread] p1a,p1b\n|-supereffective|p1b: Calyrex\n|-damage|p1a: Ditto|26/100\n|-damage|p1b: Calyrex|0 fnt\n|faint|p1b: Calyrex\n|-ability|p2a: Calyrex|Grim Neigh|boost\n|-boost|p2a: Calyrex|spa|1\n|move|p1a: Ditto|Behemoth Blade|p2b: Zacian\n|-damage|p2b: Zacian|6/100\n|move|p2b: Zacian|Behemoth Blade|p1a: Ditto\n|-damage|p1a: Ditto|0 fnt\n|faint|p1a: Ditto\n|\n|upkeep\n|\n|t:|1745976179\n|switch|p1b: Torkoal|Torkoal, L50, M|100/100\n|switch|p1a: Miraidon|Miraidon, L50|33/100\n|-activate|p1a: Miraidon|ability: Hadron Engine\n|-weather|SunnyDay|[from] ability: Drought|[of] p1b: Torkoal\n|turn|3\n|\n|t:|1745976192\n|-terastallize|p1b: Torkoal|Fire\n|move|p2a: Calyrex|Astral Barrage|p1a: Miraidon|[spread] p1a,p1b\n|-crit|p1a: Miraidon\n|-damage|p1a: Miraidon|0 fnt\n|-damage|p1b: Torkoal|0 fnt\n|faint|p1a: Miraidon\n|faint|p1b: Torkoal\n|\n|win|lukadoncicsglizzy\n||BtheMan is ready for game 2.\n|l|\u2606lukadoncicsglizzy\n|player|p2|\n|inactive|lukadoncicsglizzy has 30 seconds to confirm battle start!\n||lukadoncicsglizzy is ready for game 2.\n|uhtml|next|Next: <a href=\"/battle-gen9vgc2025regibo3-2353626466\"><strong>Game 2 of 3</strong></a>\n", "uploadtime": 1745976418, "views": 8, "formatid": "gen9vgc2025regibo3", "rating": null, "private": 0, "password": null}