{"id": "gen9vgc2025regibo3-2354154245", "format": "[Gen 9] VGC 2025 Reg I (Bo3)", "players": ["Art22", "the rial rondo"], "log": "|j|\u2606Art22\n|j|\u2606the rial rondo\n|html|<table width=\"100%\"><tr><td align=\"left\">Art22</td><td align=\"right\">the rial rondo</tr><tr><td align=\"left\"><i class=\"fa fa-circle-o\"></i> <i class=\"fa fa-circle-o\"></i> </td><td align=\"right\"><i class=\"fa fa-circle-o\"></i> <i class=\"fa fa-circle\"></i> </tr></table>\n|uhtml|bestof|<h2><strong>Game 2</strong> of <a href=\"/game-bestof3-gen9vgc2025regibo3-2354152129\">a best-of-3</a></h2>\n|t:|1746039551\n|gametype|doubles\n|player|p1|Art22|265|1192\n|player|p2|the rial rondo|policeman-gen4|1267\n|teamsize|p1|6\n|teamsize|p2|6\n|gen|9\n|tier|[Gen 9] VGC 2025 Reg I (Bo3)\n|rated|\n|rule|Species Clause: Limit one of each Pok\u00e9mon\n|rule|Item Clause: Limit 1 of each item\n|clearpoke\n|poke|p1|Miraidon, L50|\n|poke|p1|Zoroark-Hisui, L50, F|\n|poke|p1|Farigiraf, L50, M|\n|poke|p1|Ogerpon-Hearthflame, L50, F|\n|poke|p1|Whimsicott, L50, M|\n|poke|p1|Calyrex-Ice, L50|\n|poke|p2|Calyrex-Shadow, L50|\n|poke|p2|Koraidon, L50|\n|poke|p2|Raging Bolt, L50|\n|poke|p2|Chi-Yu, L50|\n|poke|p2|Brute Bonnet, L50|\n|poke|p2|Whimsicott, L50, M|\n|teampreview|4\n|showteam|p1|Miraidon||ChoiceSpecs|HadronEngine|ElectroDrift,DracoMeteor,DazzlingGleam,VoltSwitch||||||50|,,,,,Fairy]Zoroark-Hisui||FocusSash|Illusion|ShadowBall,HyperBeam,Protect,IcyWind|||F|||50|,,,,,Dark]Farigiraf||ElectricSeed|ArmorTail|Psychic,TrickRoom,HelpingHand,FoulPlay|||M|||50|,,,,,Ground]Ogerpon-Hearthflame||HearthflameMask|MoldBreaker|IvyCudgel,WoodHammer,FollowMe,SpikyShield|||F|||50|,,,,,Fire]Whimsicott||CovertCloak|Prankster|Tailwind,Moonblast,Encore,LightScreen|||M|||50|,,,,,Grass]Calyrex-Ice||ClearAmulet|AsOneGlastrier|GlacialLance,HighHorsepower,Protect,TrickRoom||||||50|,,,,,Fire\n|showteam|p2|Calyrex-Shadow||LifeOrb|AsOneSpectrier|AstralBarrage,Psychic,Disable,Protect||||||50|,,,,,Dark]Koraidon||ClearAmulet|OrichalcumPulse|CollisionCourse,FlareBlitz,FlameCharge,Protect||||||50|,,,,,Fire]Raging Bolt||AssaultVest|Protosynthesis|Electroweb,Thunderclap,VoltSwitch,DracoMeteor||||||50|,,,,,Electric]Chi-Yu||ChoiceScarf|BeadsofRuin|Snarl,Overheat,HeatWave,DarkPulse||||||50|,,,,,Ghost]Brute Bonnet||RockyHelmet|Protosynthesis|SeedBomb,SuckerPunch,Spore,RagePowder||||||50|,,,,,Water]Whimsicott||CovertCloak|Prankster|LightScreen,Tailwind,Moonblast,Encore|||M|||50|,,,,,Dark\n|\n|t:|1746039573\n|start\n|switch|p1a: Ogerpon|Ogerpon-Hearthflame, L50, F|100/100\n|switch|p1b: Miraidon|Miraidon, L50|100/100\n|switch|p2a: Koraidon|Koraidon, L50|100/100\n|switch|p2b: Chi-Yu|Chi-Yu, L50|100/100\n|-ability|p2b: Chi-Yu|Beads of Ruin\n|-weather|SunnyDay|[from] ability: Orichalcum Pulse|[of] p2a: Koraidon\n|-activate|p2a: Koraidon|Orichalcum Pulse|[source]\n|-fieldstart|move: Electric Terrain|[from] ability: Hadron Engine|[of] p1b: Miraidon\n|turn|1\n|\n|t:|1746039616\n|move|p2a: Koraidon|Protect|p2a: Koraidon\n|-singleturn|p2a: Koraidon|Protect\n|move|p2b: Chi-Yu|Snarl|p1b: Miraidon|[spread] p1a,p1b\n|-supereffective|p1a: Ogerpon\n|-enditem|p1a: Ogerpon|Focus Sash\n|-damage|p1a: Ogerpon|1/100\n|-damage|p1b: Miraidon|71/100\n|-unboost|p1a: Ogerpon|spa|1\n|-unboost|p1b: Miraidon|spa|1\n|replace|p1a: Zoroark|Zoroark-Hisui, L50, F\n|-end|p1a: Zoroark|Illusion\n|move|p1b: Miraidon|Electro Drift|p2b: Chi-Yu\n|-damage|p2b: Chi-Yu|0 fnt\n|faint|p2b: Chi-Yu\n|move|p1a: Zoroark|Icy Wind|p2a: Koraidon\n|-activate|p2a: Koraidon|move: Protect\n|\n|-weather|SunnyDay|[upkeep]\n|upkeep\n|\n|t:|1746039632\n|switch|p2b: Calyrex|Calyrex-Shadow, L50|100/100\n|-ability|p2b: Calyrex|As One\n|-ability|p2b: Calyrex|Unnerve\n|turn|2\n|\n|t:|1746039653\n|-terastallize|p1a: Zoroark|Dark\n|move|p2b: Calyrex|Protect|p2b: Calyrex\n|-singleturn|p2b: Calyrex|Protect\n|move|p1b: Miraidon|Electro Drift|p2b: Calyrex\n|-activate|p2b: Calyrex|move: Protect\n|move|p2a: Koraidon|Flame Charge|p1a: Zoroark\n|-damage|p1a: Zoroark|0 fnt\n|-boost|p2a: Koraidon|spe|1\n|faint|p1a: Zoroark\n|\n|-weather|SunnyDay|[upkeep]\n|upkeep\n|-message|Art22 forfeited.\n|\n|win|the rial rondo\n|raw|Art22's rating: 1192 &rarr; <strong>1172</strong><br />(-20 for losing)\n|raw|the rial rondo's rating: 1267 &rarr; <strong>1287</strong><br />(+20 for winning)\n|l|\u2606Art22\n|player|p1|\n", "uploadtime": 1746039669, "views": 10, "formatid": "gen9vgc2025regibo3", "rating": 1172, "private": 0, "password": null}