{"id": "gen9vgc2025regibo3-2353560727", "format": "[Gen 9] VGC 2025 Reg I (Bo3)", "players": ["i hate calyrex", "paroparo"], "log": "|j|\u2606i hate calyrex\n|j|\u2606paroparo\n|html|<table width=\"100%\"><tr><td align=\"left\">i hate calyrex</td><td align=\"right\">paroparo</tr><tr><td align=\"left\"><i class=\"fa fa-circle\"></i> <i class=\"fa fa-circle-o\"></i> </td><td align=\"right\"><i class=\"fa fa-circle-o\"></i> <i class=\"fa fa-circle-o\"></i> </tr></table>\n|uhtml|bestof|<h2><strong>Game 2</strong> of <a href=\"/game-bestof3-gen9vgc2025regibo3-2353558531\">a best-of-3</a></h2>\n|t:|1745968442\n|gametype|doubles\n|player|p1|i hate calyrex|clerk|1148\n|player|p2|paroparo|hilda|1167\n|teamsize|p1|6\n|teamsize|p2|6\n|gen|9\n|tier|[Gen 9] VGC 2025 Reg I (Bo3)\n|rated|\n|rule|Species Clause: Limit one of each Pok\u00e9mon\n|rule|Item Clause: Limit 1 of each item\n|clearpoke\n|poke|p1|Terapagos, L50, M|\n|poke|p1|Koraidon, L50|\n|poke|p1|Incineroar, L50, M|\n|poke|p1|Flutter Mane, L50|\n|poke|p1|Raging Bolt, L50|\n|poke|p1|Ogerpon-Cornerstone, L50, F|\n|poke|p2|Lunala, L50|\n|poke|p2|Landorus, L50, M|\n|poke|p2|Indeedee-F, L50, F|\n|poke|p2|Kyogre, L50|\n|poke|p2|Urshifu-*, L50, F|\n|poke|p2|Roaring Moon, L50|\n|teampreview|4\n|showteam|p1|Terapagos||Leftovers|TeraShift|TeraStarstorm,EarthPower,CalmMind,Protect|||M|||50|,,,,,Stellar]Koraidon||LifeOrb|OrichalcumPulse|CloseCombat,FlareBlitz,FlameCharge,Protect||||||50|,,,,,Fire]Incineroar||RockyHelmet|Intimidate|FakeOut,FlareBlitz,KnockOff,PartingShot|||M|||50|,,,,,Bug]Flutter Mane||FocusSash|Protosynthesis|Moonblast,ShadowBall,IcyWind,Protect||||||50|,,,,,Stellar]Raging Bolt||AssaultVest|Protosynthesis|Thunderbolt,Thunderclap,Snarl,DracoMeteor||||||50|,,,,,Electric]Ogerpon-Cornerstone||CornerstoneMask|Sturdy|IvyCudgel,PowerWhip,FollowMe,SpikyShield|||F|||50|,,,,,Rock\n|showteam|p2|Lunala||Leftovers|ShadowShield|Moonblast,ExpandingForce,MoongeistBeam,Protect||||||50|,,,,,Fire]Landorus||LifeOrb|SheerForce|EarthPower,SludgeBomb,SandsearStorm,Protect|||M|||50|,,,,,Poison]Indeedee-F||RockyHelmet|PsychicSurge|AlluringVoice,TrickRoom,FollowMe,HelpingHand|||F|||50|,,,,,Fairy]Kyogre||AssaultVest|Drizzle|WaterSpout,Thunder,IceBeam,OriginPulse||||||50|,,,,,Grass]Urshifu-Rapid-Strike||SafetyGoggles|UnseenFist|SurgingStrikes,CloseCombat,Taunt,Protect|||F|||50|,,,,,Water]Roaring Moon||BoosterEnergy|Protosynthesis|Acrobatics,KnockOff,Tailwind,Protect||||||50|,,,,,Flying\n|inactive|Battle timer is ON: inactive players will automatically lose when time's up. (requested by i hate calyrex)\n|inactive|paroparo has 60 seconds left.\n|\n|t:|1745968480\n|start\n|switch|p1a: Koraidon|Koraidon, L50|100/100\n|switch|p1b: Flutter Mane|Flutter Mane, L50|100/100\n|switch|p2a: Roaring Moon|Roaring Moon, L50|100/100\n|switch|p2b: Landorus|Landorus, L50, M|100/100\n|-weather|SunnyDay|[from] ability: Orichalcum Pulse|[of] p1a: Koraidon\n|-activate|p1b: Flutter Mane|ability: Protosynthesis\n|-start|p1b: Flutter Mane|protosynthesisspe\n|-activate|p2a: Roaring Moon|ability: Protosynthesis\n|-start|p2a: Roaring Moon|protosynthesisspe\n|-activate|p1a: Koraidon|Orichalcum Pulse|[source]\n|turn|1\n|\n|t:|1745968496\n|-terastallize|p2a: Roaring Moon|Flying\n|move|p1b: Flutter Mane|Moonblast|p2a: Roaring Moon\n|-damage|p2a: Roaring Moon|48/100\n|move|p2a: Roaring Moon|Tailwind|p2a: Roaring Moon\n|-sidestart|p2: paroparo|move: Tailwind\n|move|p2b: Landorus|Sandsear Storm|p1b: Flutter Mane|[spread] p1a\n|-miss|p2b: Landorus|p1b: Flutter Mane\n|-damage|p1a: Koraidon|36/100\n|move|p1a: Koraidon|Flare Blitz|p2b: Landorus\n|-damage|p2b: Landorus|0 fnt\n|faint|p2b: Landorus\n|-damage|p1a: Koraidon|1/100|[from] Recoil\n|-damage|p1a: Koraidon|0 fnt|[from] item: Life Orb\n|faint|p1a: Koraidon\n|\n|-weather|SunnyDay|[upkeep]\n|upkeep\n|\n|t:|1745968509\n|switch|p1a: Raging Bolt|Raging Bolt, L50|100/100\n|switch|p2b: Kyogre|Kyogre, L50|100/100\n|-weather|RainDance|[from] ability: Drizzle|[of] p2b: Kyogre\n|-end|p2a: Roaring Moon|Protosynthesis\n|-end|p1b: Flutter Mane|Protosynthesis\n|-enditem|p2a: Roaring Moon|Booster Energy\n|-activate|p2a: Roaring Moon|ability: Protosynthesis|[fromitem]\n|-start|p2a: Roaring Moon|protosynthesisspe\n|turn|2\n|\n|t:|1745968534\n|move|p2a: Roaring Moon|Protect|p2a: Roaring Moon\n|-singleturn|p2a: Roaring Moon|Protect\n|move|p2b: Kyogre|Water Spout|p1a: Raging Bolt|[spread] p1a,p1b\n|-resisted|p1a: Raging Bolt\n|-damage|p1a: Raging Bolt|71/100\n|-enditem|p1b: Flutter Mane|Focus Sash\n|-damage|p1b: Flutter Mane|1/100\n|move|p1b: Flutter Mane|Moonblast|p2a: Roaring Moon\n|-activate|p2a: Roaring Moon|move: Protect\n|move|p1a: Raging Bolt|Thunderbolt|p2b: Kyogre\n|-supereffective|p2b: Kyogre\n|-damage|p2b: Kyogre|54/100\n|\n|-weather|RainDance|[upkeep]\n|upkeep\n|turn|3\n|\n|t:|1745968549\n|move|p1a: Raging Bolt|Thunderclap|p2a: Roaring Moon\n|-supereffective|p2a: Roaring Moon\n|-damage|p2a: Roaring Moon|0 fnt\n|faint|p2a: Roaring Moon\n|-end|p2a: Roaring Moon|Protosynthesis|[silent]\n|move|p2b: Kyogre|Ice Beam|p1a: Raging Bolt\n|-supereffective|p1a: Raging Bolt\n|-damage|p1a: Raging Bolt|25/100\n|move|p1b: Flutter Mane|Moonblast|p2b: Kyogre\n|-damage|p2b: Kyogre|28/100\n|-unboost|p2b: Kyogre|spa|1\n|\n|-weather|RainDance|[upkeep]\n|upkeep\n|\n|t:|1745968553\n|switch|p2a: Urshifu|Urshifu-Rapid-Strike, L50, F|100/100\n|turn|4\n|inactive|i hate calyrex has 30 seconds left.\n|\n|t:|1745968585\n|move|p1a: Raging Bolt|Thunderclap|p2b: Kyogre\n|-supereffective|p2b: Kyogre\n|-damage|p2b: Kyogre|0 fnt\n|faint|p2b: Kyogre\n|move|p2a: Urshifu|Surging Strikes|p1a: Raging Bolt\n|-resisted|p1a: Raging Bolt\n|-crit|p1a: Raging Bolt\n|-damage|p1a: Raging Bolt|12/100\n|-resisted|p1a: Raging Bolt\n|-crit|p1a: Raging Bolt\n|-damage|p1a: Raging Bolt|0 fnt\n|faint|p1a: Raging Bolt\n|-end|p1a: Raging Bolt|Protosynthesis|[silent]\n|-hitcount|p1: Raging Bolt|2\n|move|p1b: Flutter Mane|Moonblast|p2a: Urshifu\n|-supereffective|p2a: Urshifu\n|-damage|p2a: Urshifu|0 fnt\n|faint|p2a: Urshifu\n|\n|win|i hate calyrex\n|raw|i hate calyrex's rating: 1148 &rarr; <strong>1174</strong><br />(+26 for winning)\n|raw|paroparo's rating: 1167 &rarr; <strong>1141</strong><br />(-26 for losing)\n|l|\u2606paroparo\n|player|p2|\n", "uploadtime": 1745968591, "views": 25, "formatid": "gen9vgc2025regibo3", "rating": 1141, "private": 0, "password": null}