{"id": "gen9vgc2025regibo3-2353661982", "format": "[Gen 9] VGC 2025 Reg I (Bo3)", "players": ["dyslexikcitten", "Mopp_Is_Here"], "log": "|j|\u2606dyslexikcitten\n|j|\u2606Mopp_Is_Here\n|html|<table width=\"100%\"><tr><td align=\"left\">dyslexikcitten</td><td align=\"right\">Mopp_Is_Here</tr><tr><td align=\"left\"><i class=\"fa fa-circle-o\"></i> <i class=\"fa fa-circle-o\"></i> </td><td align=\"right\"><i class=\"fa fa-circle-o\"></i> <i class=\"fa fa-circle\"></i> </tr></table>\n|uhtml|bestof|<h2><strong>Game 2</strong> of <a href=\"/game-bestof3-gen9vgc2025regibo3-2353660632\">a best-of-3</a></h2>\n|t:|1745980455\n|gametype|doubles\n|player|p1|dyslexikcitten|102|1079\n|player|p2|Mopp_Is_Here|backpacker|1040\n|teamsize|p1|6\n|teamsize|p2|6\n|gen|9\n|tier|[Gen 9] VGC 2025 Reg I (Bo3)\n|rated|\n|rule|Species Clause: Limit one of each Pok\u00e9mon\n|rule|Item Clause: Limit 1 of each item\n|clearpoke\n|poke|p1|Scream Tail, L50|\n|poke|p1|Koraidon, L50|\n|poke|p1|Indeedee-F, L50, F|\n|poke|p1|Lunala, L50|\n|poke|p1|Thundurus-Therian, L50, M|\n|poke|p1|Urshifu-*, L50, F|\n|poke|p2|Miraidon, L50|\n|poke|p2|Iron Hands, L50|\n|poke|p2|Chi-Yu, L50|\n|poke|p2|Whimsicott, L50, M|\n|poke|p2|Urshifu-*, L50, M|\n|poke|p2|Terapagos, L50, M|\n|teampreview|4\n|showteam|p1|Scream Tail||BoosterEnergy|Protosynthesis|Disable,Encore,Protect,DazzlingGleam||||||50|,,,,,Dark]Koraidon||ChoiceBand|OrichalcumPulse|CloseCombat,BreakingSwipe,FlareBlitz,Uturn||||||50|,,,,,Fire]Indeedee-F||SafetyGoggles|PsychicSurge|FollowMe,AlluringVoice,TrickRoom,HelpingHand|||F|||50|,,,,,Fairy]Lunala||PowerHerb|ShadowShield|WideGuard,MoongeistBeam,ExpandingForce,MeteorBeam||||||50|,,,,,Water]Thundurus-Therian||AssaultVest|VoltAbsorb|WildboltStorm,TeraBlast,VoltSwitch,Snarl|||M|||50|,,,,,Fairy]Urshifu||FocusSash|UnseenFist|CloseCombat,WickedBlow,Detect,Taunt|||F|||50|,,,,,Stellar\n|showteam|p2|Miraidon||LifeOrb|HadronEngine|ElectroDrift,DracoMeteor,Taunt,Protect||||||50|,,,,,Electric]Iron Hands||ClearAmulet|QuarkDrive|FakeOut,DrainPunch,WildCharge,Protect||||||50|,,,,,Grass]Chi-Yu||FocusSash|BeadsofRuin|HeatWave,DarkPulse,Overheat,Protect||||||50|,,,,,Fire]Whimsicott||MentalHerb|Prankster|Tailwind,Encore,EnergyBall,Taunt|||M|||50|,,,,,Ghost]Urshifu-Rapid-Strike||MysticWater|UnseenFist|AquaJet,SurgingStrikes,CloseCombat,Protect|||M|||50|,,,,,Water]Terapagos||Leftovers|TeraShift|TeraStarstorm,CalmMind,DarkPulse,Protect|||M|||50|,,,,,Stellar\n|inactive|Battle timer is ON: inactive players will automatically lose when time's up. (requested by Mopp_Is_Here)\n|\n|t:|1745980474\n|start\n|switch|p1a: Indeedee|Indeedee-F, L50, F|100/100\n|switch|p1b: Lunala|Lunala, L50|100/100\n|switch|p2a: Yu-Chi|Chi-Yu, L50|100/100\n|switch|p2b: Miraidoff|Miraidon, L50|100/100\n|-fieldstart|move: Electric Terrain|[from] ability: Hadron Engine|[of] p2b: Miraidoff\n|-ability|p2a: Yu-Chi|Beads of Ruin\n|-fieldstart|move: Psychic Terrain|[from] ability: Psychic Surge|[of] p1a: Indeedee\n|turn|1\n|\n|t:|1745980492\n|move|p2b: Miraidoff|Electro Drift|p1a: Indeedee\n|-damage|p1a: Indeedee|17/100\n|-damage|p2b: Miraidoff|91/100|[from] item: Life Orb\n|move|p2a: Yu-Chi|Heat Wave|p1b: Lunala|[spread] p1a,p1b\n|-crit|p1a: Indeedee\n|-damage|p1a: Indeedee|0 fnt\n|-damage|p1b: Lunala|84/100\n|-status|p1b: Lunala|brn\n|faint|p1a: Indeedee\n|move|p1b: Lunala|Meteor Beam||[still]\n|-prepare|p1b: Lunala|Meteor Beam\n|-boost|p1b: Lunala|spa|1\n|-enditem|p1b: Lunala|Power Herb\n|-anim|p1b: Lunala|Meteor Beam|p2a: Yu-Chi\n|-supereffective|p2a: Yu-Chi\n|-enditem|p2a: Yu-Chi|Focus Sash\n|-damage|p2a: Yu-Chi|1/100\n|\n|-damage|p1b: Lunala|78/100 brn|[from] brn\n|upkeep\n|\n|t:|1745980501\n|switch|p1a: Thundurus|Thundurus-Therian, L50, M|100/100\n|turn|2\n|\n|t:|1745980515\n|move|p2a: Yu-Chi|Protect|p2a: Yu-Chi\n|-singleturn|p2a: Yu-Chi|Protect\n|move|p2b: Miraidoff|Electro Drift|p1a: Thundurus\n|-immune|p1a: Thundurus|[from] ability: Volt Absorb\n|move|p1a: Thundurus|Volt Switch|p2a: Yu-Chi\n|-activate|p2a: Yu-Chi|move: Protect\n|move|p1b: Lunala|Expanding Force|p2a: Yu-Chi|[spread] p2b\n|-activate|p2a: Yu-Chi|move: Protect\n|-damage|p2b: Miraidoff|0 fnt\n|faint|p2b: Miraidoff\n|\n|-damage|p1b: Lunala|72/100 brn|[from] brn\n|upkeep\n|\n|t:|1745980521\n|switch|p2b: Terrypagos|Terapagos, L50, M|100/100\n|-activate|p2b: Terrypagos|ability: Tera Shift\n|detailschange|p2b: Terrypagos|Terapagos-Terastal, L50, M\n|-heal|p2b: Terrypagos|100/100|[silent]\n|turn|3\n|\n|t:|1745980541\n|switch|p2a: Whimsiscott|Whimsicott, L50, M|100/100\n|-terastallize|p1b: Lunala|Water\n|move|p1a: Thundurus|Volt Switch|p2a: Whimsiscott\n|-resisted|p2a: Whimsiscott\n|-damage|p2a: Whimsiscott|77/100\n|\n|t:|1745980544\n|switch|p1a: Koraidon|Koraidon, L50|100/100|[from] Volt Switch\n|-weather|SunnyDay|[from] ability: Orichalcum Pulse|[of] p1a: Koraidon\n|-activate|p1a: Koraidon|Orichalcum Pulse|[source]\n|move|p1b: Lunala|Expanding Force|p2a: Whimsiscott|[spread] p2a,p2b\n|-activate|p2b: Terrypagos|ability: Tera Shell\n|-resisted|p2b: Terrypagos\n|-damage|p2a: Whimsiscott|0 fnt\n|-damage|p2b: Terrypagos|56/100\n|faint|p2a: Whimsiscott\n|move|p2b: Terrypagos|Calm Mind|p2b: Terrypagos\n|-boost|p2b: Terrypagos|spa|1\n|-boost|p2b: Terrypagos|spd|1\n|\n|-weather|SunnyDay|[upkeep]\n|-heal|p2b: Terrypagos|62/100|[from] item: Leftovers\n|-damage|p1b: Lunala|66/100 brn|[from] brn\n|upkeep\n|\n|t:|1745980557\n|switch|p2a: Yu-Chi|Chi-Yu, L50|1/100\n|-ability|p2a: Yu-Chi|Beads of Ruin\n|turn|4\n|\n|t:|1745980570\n|-terastallize|p2b: Terrypagos|Stellar\n|detailschange|p2b: Terrypagos|Terapagos-Stellar, L50, M, tera:Stellar\n|-heal|p2b: Terrypagos|71/100|[silent]\n|-ability|p2b: Terrypagos|Teraform Zero\n|-weather|none\n|-fieldend|move: Psychic Terrain\n|move|p1a: Koraidon|Close Combat|p2b: Terrypagos\n|-supereffective|p2b: Terrypagos\n|-damage|p2b: Terrypagos|0 fnt\n|-unboost|p1a: Koraidon|def|1\n|-unboost|p1a: Koraidon|spd|1\n|faint|p2b: Terrypagos\n|move|p2a: Yu-Chi|Dark Pulse|p1b: Lunala\n|-damage|p1b: Lunala|23/100 brn\n|move|p1b: Lunala|Moongeist Beam|p2a: Yu-Chi\n|-resisted|p2a: Yu-Chi\n|-damage|p2a: Yu-Chi|0 fnt\n|faint|p2a: Yu-Chi\n|\n|win|dyslexikcitten\n", "uploadtime": 1745980570, "views": 6, "formatid": "gen9vgc2025regibo3", "rating": null, "private": 0, "password": null}