{"id": "gen9vgc2025regibo3-2354237112", "format": "[Gen 9] VGC 2025 Reg I (Bo3)", "players": ["MidoMidori", "VeganCannibal"], "log": "|j|\u2606MidoMidori\n|j|\u2606VeganCannibal\n|html|<table width=\"100%\"><tr><td align=\"left\">MidoMidori</td><td align=\"right\">VeganCannibal</tr><tr><td align=\"left\"><i class=\"fa fa-circle-o\"></i> <i class=\"fa fa-circle-o\"></i> </td><td align=\"right\"><i class=\"fa fa-circle-o\"></i> <i class=\"fa fa-circle\"></i> </tr></table>\n|uhtml|bestof|<h2><strong>Game 2</strong> of <a href=\"/game-bestof3-gen9vgc2025regibo3-2354234436\">a best-of-3</a></h2>\n|t:|1746047714\n|gametype|doubles\n|player|p1|MidoMidori|roxanne-gen6|1239\n|player|p2|VeganCannibal|265|1302\n|teamsize|p1|6\n|teamsize|p2|6\n|gen|9\n|tier|[Gen 9] VGC 2025 Reg I (Bo3)\n|rated|\n|rule|Species Clause: Limit one of each Pok\u00e9mon\n|rule|Item Clause: Limit 1 of each item\n|clearpoke\n|poke|p1|Koraidon, L50|\n|poke|p1|Ho-Oh, L50|\n|poke|p1|Incineroar, L50, M|\n|poke|p1|Flutter Mane, L50|\n|poke|p1|Raging Bolt, L50|\n|poke|p1|Iron Treads, L50|\n|poke|p2|Calyrex-Shadow, L50|\n|poke|p2|Zamazenta-*, L50|\n|poke|p2|Roaring Moon, L50|\n|poke|p2|Weezing-Galar, L50, F|\n|poke|p2|Dondozo, L50, F|\n|poke|p2|Tatsugiri-Droopy, L50, F|\n|teampreview|4\n|showteam|p1|Koraidon||LoadedDice|OrichalcumPulse|CollisionCourse,FlareBlitz,ScaleShot,Protect||||||50|,,,,,Fire]Ho-Oh||ClearAmulet|Regenerator|SacredFire,BraveBird,Tailwind,Protect||||||50|,,,,,Grass]Incineroar||RockyHelmet|Intimidate|FakeOut,FlareBlitz,KnockOff,PartingShot|||M|||50|,,,,,Ghost]Flutter Mane||FocusSash|Protosynthesis|Moonblast,ShadowBall,IcyWind,Protect||||||50|,,,,,Stellar]Raging Bolt||AssaultVest|Protosynthesis|Thunderclap,DracoMeteor,VoltSwitch,Snarl||||||50|,,,,,Electric]Iron Treads||LifeOrb|QuarkDrive|IronHead,HighHorsepower,KnockOff,Protect||||||50|,,,,,Ghost\n|showteam|p2|Calyrex-Shadow||FocusSash|AsOneSpectrier|AstralBarrage,Psychic,Encore,Protect||||||50|,,,,,Ghost]Zamazenta-Crowned||RustedShield|DauntlessShield|BodyPress,behemothbash,WideGuard,Imprison||||||50|,,,,,Dragon]Roaring Moon||BoosterEnergy|Protosynthesis|Protect,KnockOff,Tailwind,Taunt||||||50|,,,,,Poison]Weezing-Galar||CovertCloak|NeutralizingGas|Protect,DazzlingGleam,ToxicSpikes,Taunt|||F|||50|,,,,,Dark]Dondozo||Leftovers|Unaware|Protect,WaveCrash,OrderUp,BodyPress|||F|||50|,,,,,Grass]Tatsugiri-Droopy||SafetyGoggles|Commander|Protect,DragonPulse,Taunt,HelpingHand|||F|||50|,,,,,Poison\n|inactive|Battle timer is ON: inactive players will automatically lose when time's up. (requested by VeganCannibal)\n|inactive|VeganCannibal has 60 seconds left.\n|\n|t:|1746047756\n|start\n|switch|p1a: Flutter Mane|Flutter Mane, L50|100/100\n|switch|p1b: Iron Treads|Iron Treads, L50|100/100\n|switch|p2a: Roaring Moon|Roaring Moon, L50|100/100\n|switch|p2b: Calyrex|Calyrex-Shadow, L50|100/100\n|-ability|p2b: Calyrex|As One\n|-ability|p2b: Calyrex|Unnerve\n|-enditem|p2a: Roaring Moon|Booster Energy\n|-activate|p2a: Roaring Moon|ability: Protosynthesis|[fromitem]\n|-start|p2a: Roaring Moon|protosynthesisspe\n|turn|1\n|\n|t:|1746047778\n|-end|p1b: Iron Treads|Quark Drive|[silent]\n|switch|p1b: Koraidon|Koraidon, L50|100/100\n|-weather|SunnyDay|[from] ability: Orichalcum Pulse|[of] p1b: Koraidon\n|-activate|p1a: Flutter Mane|ability: Protosynthesis\n|-start|p1a: Flutter Mane|protosynthesisspe\n|-activate|p1b: Koraidon|Orichalcum Pulse|[source]\n|-terastallize|p2b: Calyrex|Ghost\n|move|p1a: Flutter Mane|Icy Wind|p2b: Calyrex|[spread] p2a,p2b\n|-supereffective|p2a: Roaring Moon\n|-damage|p2a: Roaring Moon|76/100\n|-damage|p2b: Calyrex|85/100\n|-unboost|p2a: Roaring Moon|spe|1\n|-unboost|p2b: Calyrex|spe|1\n|move|p2a: Roaring Moon|Tailwind|p2a: Roaring Moon\n|-sidestart|p2: VeganCannibal|move: Tailwind\n|move|p2b: Calyrex|Astral Barrage|p1a: Flutter Mane|[spread] p1a,p1b\n|-supereffective|p1a: Flutter Mane\n|-enditem|p1a: Flutter Mane|Focus Sash\n|-damage|p1a: Flutter Mane|1/100\n|-damage|p1b: Koraidon|29/100\n|\n|-weather|SunnyDay|[upkeep]\n|upkeep\n|turn|2\n|c|\u2606MidoMidori|Hm\n|c|\u2606MidoMidori|That didn't rly work\n|c|\u2606MidoMidori|LOL\n|inactive|MidoMidori has 30 seconds left.\n|inactive|VeganCannibal has 30 seconds left.\n|\n|t:|1746047811\n|move|p1b: Koraidon|Protect|p1b: Koraidon\n|-singleturn|p1b: Koraidon|Protect\n|move|p2a: Roaring Moon|Knock Off|p1a: Flutter Mane\n|-damage|p1a: Flutter Mane|0 fnt\n|faint|p1a: Flutter Mane\n|-end|p1a: Flutter Mane|Protosynthesis|[silent]\n|move|p2b: Calyrex|Astral Barrage|p1b: Koraidon\n|-activate|p1b: Koraidon|move: Protect\n|\n|-weather|SunnyDay|[upkeep]\n|upkeep\n|\n|t:|1746047814\n|switch|p1a: Ho-Oh|Ho-Oh, L50|100/100\n|turn|3\n|\n|t:|1746047820\n|switch|p1b: Iron Treads|Iron Treads, L50|100/100\n|move|p2a: Roaring Moon|Knock Off|p1a: Ho-Oh\n|-damage|p1a: Ho-Oh|56/100\n|-enditem|p1a: Ho-Oh|Clear Amulet|[from] move: Knock Off|[of] p2a: Roaring Moon\n|move|p2b: Calyrex|Astral Barrage|p1b: Iron Treads|[spread] p1a,p1b\n|-crit|p1a: Ho-Oh\n|-damage|p1a: Ho-Oh|0 fnt\n|-damage|p1b: Iron Treads|0 fnt\n|faint|p1a: Ho-Oh\n|faint|p1b: Iron Treads\n|-end|p1b: Iron Treads|Quark Drive|[silent]\n|-ability|p2b: Calyrex|Grim Neigh|boost\n|-boost|p2b: Calyrex|spa|2\n|\n|-weather|SunnyDay|[upkeep]\n|upkeep\n|-message|MidoMidori forfeited.\n|\n|win|VeganCannibal\n|raw|MidoMidori's rating: 1239 &rarr; <strong>1218</strong><br />(-21 for losing)\n|raw|VeganCannibal's rating: 1302 &rarr; <strong>1318</strong><br />(+16 for winning)\n|l|\u2606VeganCannibal\n|player|p2|\n", "uploadtime": 1746047836, "views": 7, "formatid": "gen9vgc2025regibo3", "rating": 1218, "private": 0, "password": null}