{"id": "gen9vgc2025regibo3-2354465073", "format": "[Gen 9] VGC 2025 Reg I (Bo3)", "players": ["Geopocket", "Wo0oorthy"], "log": "|j|\u2606Geopocket\n|j|\u2606Wo0oorthy\n|html|<table width=\"100%\"><tr><td align=\"left\">Geopocket</td><td align=\"right\">Wo0oorthy</tr><tr><td align=\"left\"><i class=\"fa fa-circle-o\"></i> <i class=\"fa fa-circle-o\"></i> </td><td align=\"right\"><i class=\"fa fa-circle-o\"></i> <i class=\"fa fa-circle-o\"></i> </tr></table>\n|uhtml|bestof|<h2><strong>Game 1</strong> of <a href=\"/game-bestof3-gen9vgc2025regibo3-2354465072\">a best-of-3</a></h2>\n|t:|1746075838\n|gametype|doubles\n|player|p1|Geopocket|juan|1276\n|player|p2|Wo0oorthy|dawn-gen4pt|1174\n|teamsize|p1|6\n|teamsize|p2|6\n|gen|9\n|tier|[Gen 9] VGC 2025 Reg I (Bo3)\n|rated|\n|rule|Species Clause: Limit one of each Pok\u00e9mon\n|rule|Item Clause: Limit 1 of each item\n|clearpoke\n|poke|p1|Koraidon, L50|\n|poke|p1|Lunala, L50|\n|poke|p1|Raging Bolt, L50|\n|poke|p1|Chi-Yu, L50|\n|poke|p1|Flutter Mane, L50|\n|poke|p1|Brute Bonnet, L50|\n|poke|p2|Koraidon, L50|\n|poke|p2|Ho-Oh, L50|\n|poke|p2|Brute Bonnet, L50|\n|poke|p2|Gastrodon, L50, M|\n|poke|p2|Bronzong, L50|\n|poke|p2|Raging Bolt, L50|\n|teampreview|4\n|showteam|p1|Koraidon||LifeOrb|OrichalcumPulse|CloseCombat,FlareBlitz,FlameCharge,Protect||||||50|,,,,,Fire]Lunala||PowerHerb|ShadowShield|MoongeistBeam,MeteorBeam,TrickRoom,WideGuard||||||50|,,,,,Water]Raging Bolt||SafetyGoggles|Protosynthesis|Thunderbolt,DracoMeteor,Thunderclap,Protect||||||50|,,,,,Electric]Chi-Yu||ChoiceScarf|BeadsofRuin|HeatWave,DarkPulse,Snarl,Overheat||||||50|,,,,,Ghost]Flutter Mane||FocusSash|Protosynthesis|Moonblast,IcyWind,ShadowBall,Protect||||||50|,,,,,Normal]Brute Bonnet||CovertCloak|Protosynthesis|Spore,RagePowder,SuckerPunch,SeedBomb||||||50|,,,,,Water\n|showteam|p2|Koraidon||LifeOrb|OrichalcumPulse|CloseCombat,Protect,Uturn,FlareBlitz||||||50|,,,,,Fire]Ho-Oh||RockyHelmet|Regenerator|SacredFire,BraveBird,Tailwind,Protect||||||50|,,,,,Ground]Brute Bonnet||CovertCloak|Protosynthesis|SuckerPunch,RagePowder,Spore,SeedBomb||||||50|,,,,,Grass]Gastrodon||Leftovers|StormDrain|IcyWind,EarthPower,Yawn,Protect|||M|||50|,,,,,Poison]Bronzong||MentalHerb|Levitate|TrickRoom,GyroBall,Safeguard,SkillSwap||||||50|,,,,,Ghost]Raging Bolt||AssaultVest|Protosynthesis|Thunderclap,Electroweb,DragonPulse,VoltSwitch||||||50|,,,,,Electric\n|inactive|Battle timer is ON: inactive players will automatically lose when time's up. (requested by Wo0oorthy)\n|\n|t:|1746075903\n|start\n|switch|p1a: Lunala|Lunala, L50|100/100\n|switch|p1b: Flutter Mane|Flutter Mane, L50|100/100\n|switch|p2a: Koraidon|Koraidon, L50|100/100\n|switch|p2b: Brute Bonnet|Brute Bonnet, L50, shiny|100/100\n|-weather|SunnyDay|[from] ability: Orichalcum Pulse|[of] p2a: Koraidon\n|-activate|p1b: Flutter Mane|ability: Protosynthesis\n|-start|p1b: Flutter Mane|protosynthesisspe\n|-activate|p2b: Brute Bonnet|ability: Protosynthesis\n|-start|p2b: Brute Bonnet|protosynthesisatk\n|-activate|p2a: Koraidon|Orichalcum Pulse|[source]\n|turn|1\n|inactive|Wo0oorthy has 30 seconds left.\n|inactive|Wo0oorthy has 20 seconds left.\n|\n|t:|1746075939\n|-terastallize|p2a: Koraidon|Fire\n|move|p1b: Flutter Mane|Moonblast|p2b: Brute Bonnet\n|-supereffective|p2b: Brute Bonnet\n|-damage|p2b: Brute Bonnet|34/100\n|move|p2a: Koraidon|U-turn|p1b: Flutter Mane\n|-resisted|p1b: Flutter Mane\n|-crit|p1b: Flutter Mane\n|-damage|p1b: Flutter Mane|66/100\n|-damage|p2a: Koraidon|91/100|[from] item: Life Orb\n|\n|t:|1746075948\n|switch|p2a: Ho-Oh|Ho-Oh, L50|100/100|[from] U-turn\n|move|p1a: Lunala|Meteor Beam||[still]\n|-prepare|p1a: Lunala|Meteor Beam\n|-boost|p1a: Lunala|spa|1\n|-enditem|p1a: Lunala|Power Herb\n|-anim|p1a: Lunala|Meteor Beam|p2b: Brute Bonnet\n|-damage|p2b: Brute Bonnet|0 fnt\n|faint|p2b: Brute Bonnet\n|-end|p2b: Brute Bonnet|Protosynthesis|[silent]\n|\n|-weather|SunnyDay|[upkeep]\n|upkeep\n|\n|t:|1746075964\n|switch|p2b: Koraidon|Koraidon, L50, tera:Fire|91/100\n|-activate|p2b: Koraidon|ability: Orichalcum Pulse\n|turn|2\n|inactive|Wo0oorthy has 30 seconds left.\n|\n|t:|1746075990\n|move|p1b: Flutter Mane|Icy Wind|p2b: Koraidon|[spread] p2a,p2b\n|-resisted|p2b: Koraidon\n|-damage|p2a: Ho-Oh|93/100\n|-damage|p2b: Koraidon|84/100\n|-unboost|p2a: Ho-Oh|spe|1\n|-unboost|p2b: Koraidon|spe|1\n|move|p1a: Lunala|Moongeist Beam|p2a: Ho-Oh\n|-damage|p2a: Ho-Oh|45/100\n|move|p2b: Koraidon|Flare Blitz|p1b: Flutter Mane\n|-damage|p1b: Flutter Mane|0 fnt\n|faint|p1b: Flutter Mane\n|-end|p1b: Flutter Mane|Protosynthesis|[silent]\n|-damage|p2b: Koraidon|69/100|[from] Recoil\n|-damage|p2b: Koraidon|59/100|[from] item: Life Orb\n|move|p2a: Ho-Oh|Sacred Fire|p1a: Lunala\n|-damage|p1a: Lunala|70/100\n|\n|-weather|SunnyDay|[upkeep]\n|upkeep\n|\n|t:|1746076008\n|switch|p1b: Raging Bolt|Raging Bolt, L50|100/100\n|-activate|p1b: Raging Bolt|ability: Protosynthesis\n|-start|p1b: Raging Bolt|protosynthesisspa\n|turn|3\n|\n|t:|1746076026\n|switch|p2a: Gastrodon|Gastrodon, L50, M|100/100\n|move|p1a: Lunala|Moongeist Beam|p2b: Koraidon\n|-damage|p2b: Koraidon|0 fnt\n|faint|p2b: Koraidon\n|move|p1b: Raging Bolt|Thunderbolt|p2a: Gastrodon\n|-immune|p2a: Gastrodon\n|\n|-weather|SunnyDay|[upkeep]\n|upkeep\n|\n|t:|1746076035\n|switch|p2b: Ho-Oh|Ho-Oh, L50|78/100\n|turn|4\n|\n|t:|1746076052\n|-terastallize|p1b: Raging Bolt|Electric\n|move|p1a: Lunala|Moongeist Beam|p2a: Gastrodon\n|-damage|p2a: Gastrodon|37/100\n|move|p2b: Ho-Oh|Tailwind|p2b: Ho-Oh\n|-sidestart|p2: Wo0oorthy|move: Tailwind\n|move|p1b: Raging Bolt|Thunderbolt|p2b: Ho-Oh\n|-supereffective|p2b: Ho-Oh\n|-damage|p2b: Ho-Oh|0 fnt\n|faint|p2b: Ho-Oh\n|move|p2a: Gastrodon|Yawn|p1b: Raging Bolt\n|-start|p1b: Raging Bolt|move: Yawn|[of] p2a: Gastrodon\n|\n|-weather|SunnyDay|[upkeep]\n|-heal|p2a: Gastrodon|43/100|[from] item: Leftovers\n|upkeep\n|turn|5\n|-message|Wo0oorthy forfeited.\n|\n|win|Geopocket\n|l|\u2606Wo0oorthy\n|player|p2|\n||Geopocket is ready for game 2.\n||Wo0oorthy is ready for game 2.\n|uhtml|next|Next: <a href=\"/battle-gen9vgc2025regibo3-2354466409\"><strong>Game 2 of 3</strong></a>\n", "uploadtime": 1746076336, "views": 7, "formatid": "gen9vgc2025regibo3", "rating": null, "private": 0, "password": null}