{"id": "gen9vgc2025regibo3-2353753867", "format": "[Gen 9] VGC 2025 Reg I (Bo3)", "players": ["Ziopppeppe", "Iamsliverfish"], "log": "|j|\u2606Ziopppeppe\n|j|\u2606Iamsliverfish\n|html|<table width=\"100%\"><tr><td align=\"left\">Ziopppeppe</td><td align=\"right\">Iamsliverfish</tr><tr><td align=\"left\"><i class=\"fa fa-circle\"></i> <i class=\"fa fa-circle-o\"></i> </td><td align=\"right\"><i class=\"fa fa-circle-o\"></i> <i class=\"fa fa-circle\"></i> </tr></table>\n|uhtml|bestof|<h2><strong>Game 3</strong> of <a href=\"/game-bestof3-gen9vgc2025regibo3-2353752302\">a best-of-3</a></h2>\n|t:|1745994246\n|gametype|doubles\n|player|p1|Ziopppeppe|266|1300\n|player|p2|Iamsliverfish|silver|1565\n|teamsize|p1|6\n|teamsize|p2|6\n|gen|9\n|tier|[Gen 9] VGC 2025 Reg I (Bo3)\n|rated|\n|rule|Species Clause: Limit one of each Pok\u00e9mon\n|rule|Item Clause: Limit 1 of each item\n|clearpoke\n|poke|p1|Calyrex-Shadow, L50|\n|poke|p1|Koraidon, L50|\n|poke|p1|Brute Bonnet, L50|\n|poke|p1|Typhlosion-Hisui, L50, M|\n|poke|p1|Incineroar, L50, F|\n|poke|p1|Rillaboom, L50, F|\n|poke|p2|Calyrex-Shadow, L50|\n|poke|p2|Zamazenta-*, L50|\n|poke|p2|Tornadus, L50, M|\n|poke|p2|Chi-Yu, L50|\n|poke|p2|Chien-Pao, L50|\n|poke|p2|Rillaboom, L50, M|\n|teampreview|4\n|showteam|p1|Calyrex-Shadow||FocusSash|AsOneSpectrier|AstralBarrage,Protect,NastyPlot,TeraBlast||||||50|,,,,,Water]Koraidon||ClearAmulet|OrichalcumPulse|FlareBlitz,CollisionCourse,Protect,FlameCharge||||||50|,,,,,Fire]Brute Bonnet||CovertCloak|Protosynthesis|SuckerPunch,Spore,Protect,RagePowder||||||50|,,,,,Water]Typhlosion-Hisui||ChoiceScarf|Blaze|Eruption,ShadowBall,HeatWave,Overheat|||M|||50|,,,,,Fire]Incineroar||SafetyGoggles|Intimidate|FakeOut,WillOWisp,PartingShot,KnockOff|||F|||50|,,,,,Bug]Rillaboom||AssaultVest|GrassySurge|FakeOut,WoodHammer,GrassyGlide,Uturn|||F|||50|,,,,,Fire\n|showteam|p2|Calyrex-Shadow||LifeOrb|AsOneSpectrier|AstralBarrage,Psychic,Encore,Protect||||||50|,,,,,Dark]Zamazenta-Crowned||RustedShield|DauntlessShield|BodyPress,WideGuard,HeavySlam,Protect||||||50|,,,,,Water]Tornadus||CovertCloak|Prankster|BleakwindStorm,Tailwind,Taunt,SunnyDay|||M|||50|,,,,,Dark]Chi-Yu||ChoiceScarf|BeadsofRuin|HeatWave,Overheat,Snarl,DarkPulse||||||50|,,,,,Ghost]Chien-Pao||FocusSash|SwordofRuin|IcicleCrash,Crunch,IceShard,Protect||||||50|,,,,,Stellar]Rillaboom||AssaultVest|GrassySurge|GrassyGlide,WoodHammer,Uturn,FakeOut|||M|||50|,,,,,Fire\n|inactive|Battle timer is ON: inactive players will automatically lose when time's up. (requested by Ziopppeppe)\n|inactive|Ziopppeppe has 60 seconds left.\n|inactive|Ziopppeppe has 30 seconds left.\n|inactive|Iamsliverfish has 60 seconds left.\n|\n|t:|1745994327\n|start\n|switch|p1a: Typhlosion|Typhlosion-Hisui, L50, M, shiny|100/100\n|switch|p1b: Brute Bonnet|Brute Bonnet, L50|100/100\n|switch|p2a: Chi-Yu|Chi-Yu, L50|100/100\n|switch|p2b: Zamazenta|Zamazenta-Crowned, L50|100/100\n|-ability|p2a: Chi-Yu|Beads of Ruin\n|-ability|p2b: Zamazenta|Dauntless Shield|boost\n|-boost|p2b: Zamazenta|def|1\n|turn|1\n|inactive|Ziopppeppe has 30 seconds left.\n|\n|t:|1745994357\n|-terastallize|p1b: Brute Bonnet|Water\n|move|p2a: Chi-Yu|Dark Pulse|p1a: Typhlosion\n|-supereffective|p1a: Typhlosion\n|-damage|p1a: Typhlosion|0 fnt\n|faint|p1a: Typhlosion\n|move|p2b: Zamazenta|Body Press|p1b: Brute Bonnet\n|-damage|p1b: Brute Bonnet|52/100\n|move|p1b: Brute Bonnet|Spore|p2a: Chi-Yu\n|-status|p2a: Chi-Yu|slp|[from] move: Spore\n|\n|upkeep\n|\n|t:|1745994367\n|switch|p1a: Koraidon|Koraidon, L50|100/100\n|-weather|SunnyDay|[from] ability: Orichalcum Pulse|[of] p1a: Koraidon\n|-activate|p1b: Brute Bonnet|ability: Protosynthesis\n|-start|p1b: Brute Bonnet|protosynthesisatk\n|-activate|p1a: Koraidon|Orichalcum Pulse|[source]\n|turn|2\n|\n|t:|1745994380\n|switch|p2a: Chien-Pao|Chien-Pao, L50|100/100\n|-ability|p2a: Chien-Pao|Sword of Ruin\n|-terastallize|p2b: Zamazenta|Water\n|move|p1a: Koraidon|Protect|p1a: Koraidon\n|-singleturn|p1a: Koraidon|Protect\n|move|p2b: Zamazenta|Body Press|p1b: Brute Bonnet\n|-damage|p1b: Brute Bonnet|0 fnt\n|faint|p1b: Brute Bonnet\n|-end|p1b: Brute Bonnet|Protosynthesis|[silent]\n|\n|-weather|SunnyDay|[upkeep]\n|upkeep\n|\n|t:|1745994392\n|switch|p1b: Calyrex|Calyrex-Shadow, L50|100/100\n|-ability|p1b: Calyrex|As One\n|-ability|p1b: Calyrex|Unnerve\n|turn|3\n|\n|t:|1745994398\n|move|p2a: Chien-Pao|Protect|p2a: Chien-Pao\n|-singleturn|p2a: Chien-Pao|Protect\n|move|p1b: Calyrex|Tera Blast|p2a: Chien-Pao\n|-activate|p2a: Chien-Pao|move: Protect\n|move|p1a: Koraidon|Flame Charge|p2a: Chien-Pao\n|-activate|p2a: Chien-Pao|move: Protect\n|move|p2b: Zamazenta|Body Press|p1a: Koraidon\n|-damage|p1a: Koraidon|14/100\n|\n|-weather|SunnyDay|[upkeep]\n|upkeep\n|turn|4\n|l|\u2606Ziopppeppe\n|inactive|Ziopppeppe disconnected and has a minute to reconnect!\n|player|p1|\n|inactive|Ziopppeppe has 30 seconds left.\n|inactive|Ziopppeppe has 20 seconds left.\n|inactive|Ziopppeppe has 15 seconds left.\n|inactive|Ziopppeppe has 10 seconds left.\n|inactive|Ziopppeppe has 5 seconds left.\n|-message|Ziopppeppe lost due to inactivity.\n|\n|win|Iamsliverfish\n|raw|Ziopppeppe's rating: 1300 &rarr; <strong>1291</strong><br />(-9 for losing)\n|raw|Iamsliverfish's rating: 1565 &rarr; <strong>1572</strong><br />(+7 for winning)\n|l|\u2606Iamsliverfish\n|player|p2|\n", "uploadtime": 1745994783, "views": 38, "formatid": "gen9vgc2025regibo3", "rating": 1291, "private": 0, "password": null}