{"id": "gen9vgc2025regibo3-2354206981", "format": "[Gen 9] VGC 2025 Reg I (Bo3)", "players": ["OreburghRanger", "Feddouu"], "log": "|j|\u2606OreburghRanger\n|j|\u2606Feddouu\n|html|<table width=\"100%\"><tr><td align=\"left\">OreburghRanger</td><td align=\"right\">Feddouu</tr><tr><td align=\"left\"><i class=\"fa fa-circle-o\"></i> <i class=\"fa fa-circle-o\"></i> </td><td align=\"right\"><i class=\"fa fa-circle-o\"></i> <i class=\"fa fa-circle\"></i> </tr></table>\n|uhtml|bestof|<h2><strong>Game 2</strong> of <a href=\"/game-bestof3-gen9vgc2025regibo3-2354204399\">a best-of-3</a></h2>\n|t:|1746044641\n|gametype|doubles\n|player|p1|OreburghRanger|pokemonranger-gen4|1180\n|player|p2|Feddouu|266|1129\n|teamsize|p1|6\n|teamsize|p2|6\n|gen|9\n|tier|[Gen 9] VGC 2025 Reg I (Bo3)\n|rated|\n|rule|Species Clause: Limit one of each Pok\u00e9mon\n|rule|Item Clause: Limit 1 of each item\n|clearpoke\n|poke|p1|Calyrex-Shadow, L50|\n|poke|p1|Zamazenta-*, L50|\n|poke|p1|Thundurus, L50, M|\n|poke|p1|Clefairy, L50, F|\n|poke|p1|Urshifu-*, L50, M|\n|poke|p1|Rillaboom, L50, M|\n|poke|p2|Indeedee-F, L50, F|\n|poke|p2|Gardevoir, L50, F|\n|poke|p2|Gallade, L50, M|\n|poke|p2|Oranguru, L50, F|\n|poke|p2|Necrozma-Dawn-Wings, L50|\n|poke|p2|Calyrex-Ice, L50|\n|teampreview|4\n|showteam|p1|Calyrex-Shadow||LifeOrb|AsOneSpectrier|AstralBarrage,Psychic,NastyPlot,Protect||||||50|,,,,,Dark]Zamazenta-Crowned||RustedShield|DauntlessShield|BodyPress,HeavySlam,WideGuard,Protect||||||50|,,,,,Water]Thundurus||CovertCloak|Prankster|WildboltStorm,EerieImpulse,ThunderWave,RainDance|||M|||50|,,,,,Dark]Clefairy||Eviolite|FriendGuard|Protect,FollowMe,AfterYou,HelpingHand|||F|||50|,,,,,Grass]Urshifu-Rapid-Strike||ChoiceScarf|UnseenFist|SurgingStrikes,CloseCombat,Uturn,AquaJet|||M|||50|,,,,,Water]Rillaboom||AssaultVest|GrassySurge|WoodHammer,GrassyGlide,Uturn,FakeOut|||M|||50|,,,,,Fire\n|showteam|p2|Indeedee-F||RockyHelmet|PsychicSurge|AlluringVoice,FollowMe,HelpingHand,TrickRoom|||F|||50|,,,,,Water]Gardevoir||LifeOrb|Trace|DazzlingGleam,Moonblast,ExpandingForce,TrickRoom|||F|||50|,,,,,Psychic]Gallade||FocusSash|Sharpness|SacredSword,PsychoCut,WideGuard,TrickRoom|||M|||50|,,,,,Grass]Oranguru||SafetyGoggles|InnerFocus|FoulPlay,Instruct,Taunt,TrickRoom|||F|||50|,,,,,Dark]Necrozma-Dawn-Wings||PowerHerb|PrismArmor|MeteorBeam,MoongeistBeam,ExpandingForce,TrickRoom||||||50|,,,,,Water]Calyrex-Ice||ClearAmulet|AsOneGlastrier|GlacialLance,HighHorsepower,CloseCombat,TrickRoom||||||50|,,,,,Normal\n|\n|t:|1746044660\n|start\n|switch|p1a: Calyrex|Calyrex-Shadow, L50|100/100\n|switch|p1b: Urshifu|Urshifu-Rapid-Strike, L50, M|100/100\n|switch|p2a: Indeedee|Indeedee-F, L50, F, shiny|100/100\n|switch|p2b: Necrozma|Necrozma-Dawn-Wings, L50, shiny|100/100\n|-ability|p1a: Calyrex|As One\n|-ability|p1a: Calyrex|Unnerve\n|-fieldstart|move: Psychic Terrain|[from] ability: Psychic Surge|[of] p2a: Indeedee\n|turn|1\n|inactive|Battle timer is ON: inactive players will automatically lose when time's up. (requested by OreburghRanger)\n|inactive|Feddouu also wants the timer to be on.\n|\n|t:|1746044683\n|switch|p1b: Rillaboom|Rillaboom, L50, M|100/100\n|-fieldstart|move: Grassy Terrain|[from] ability: Grassy Surge|[of] p1b: Rillaboom\n|-terastallize|p1a: Calyrex|Dark\n|-terastallize|p2b: Necrozma|Water\n|move|p2a: Indeedee|Follow Me|p2a: Indeedee\n|-singleturn|p2a: Indeedee|move: Follow Me\n|move|p1a: Calyrex|Astral Barrage|p2b: Necrozma|[spread] p2b\n|-immune|p2a: Indeedee\n|-damage|p2b: Necrozma|45/100\n|-damage|p1a: Calyrex|91/100|[from] item: Life Orb\n|move|p2b: Necrozma|Trick Room|p2b: Necrozma\n|-fieldstart|move: Trick Room|[of] p2b: Necrozma\n|\n|-heal|p2b: Necrozma|51/100|[from] Grassy Terrain\n|-heal|p1a: Calyrex|97/100|[from] Grassy Terrain\n|upkeep\n|turn|2\n|\n|t:|1746044703\n|switch|p2a: Oranguru|Oranguru, L50, F, shiny|100/100\n|move|p1b: Rillaboom|Fake Out|p2b: Necrozma\n|-damage|p2b: Necrozma|41/100\n|cant|p2b: Necrozma|flinch\n|move|p1a: Calyrex|Astral Barrage|p2a: Oranguru|[spread] p2b\n|-immune|p2a: Oranguru\n|-damage|p2b: Necrozma|0 fnt\n|faint|p2b: Necrozma\n|-ability|p1a: Calyrex|Grim Neigh|boost\n|-boost|p1a: Calyrex|spa|1\n|-damage|p1a: Calyrex|88/100|[from] item: Life Orb\n|\n|-heal|p1a: Calyrex|94/100|[from] Grassy Terrain\n|upkeep\n|\n|t:|1746044714\n|switch|p2b: Gardevoir|Gardevoir, L50, F, shiny|100/100\n|-ability|p2b: Gardevoir|Grassy Surge|[from] ability: Trace|[of] p1b: Rillaboom\n|turn|3\n|\n|t:|1746044724\n|move|p1a: Calyrex|Protect|p1a: Calyrex\n|-singleturn|p1a: Calyrex|Protect\n|move|p2a: Oranguru|Instruct||[still]\n|-fail|p2a: Oranguru\n|move|p2b: Gardevoir|Dazzling Gleam|p1a: Calyrex|[spread] p1b\n|-activate|p1a: Calyrex|move: Protect\n|-damage|p1b: Rillaboom|74/100\n|-damage|p2b: Gardevoir|91/100|[from] item: Life Orb\n|move|p1b: Rillaboom|Wood Hammer|p2b: Gardevoir\n|-damage|p2b: Gardevoir|0 fnt\n|faint|p2b: Gardevoir\n|-damage|p1b: Rillaboom|49/100|[from] Recoil\n|\n|-heal|p1b: Rillaboom|55/100|[from] Grassy Terrain\n|-heal|p1a: Calyrex|99/100|[from] Grassy Terrain\n|upkeep\n|\n|t:|1746044740\n|switch|p2b: Indeedee|Indeedee-F, L50, F, shiny|100/100\n|-fieldstart|move: Psychic Terrain|[from] ability: Psychic Surge|[of] p2b: Indeedee\n|turn|4\n|-message|Feddouu forfeited.\n|\n|win|OreburghRanger\n", "uploadtime": 1746044748, "views": 10, "formatid": "gen9vgc2025regibo3", "rating": null, "private": 0, "password": null}