{"id": "gen9vgc2025regibo3-2353835457", "format": "[Gen 9] VGC 2025 Reg I (Bo3)", "players": ["ungaungavgc", "Slackermaru"], "log": "|j|\u2606ungaungavgc\n|j|\u2606Slackermaru\n|html|<table width=\"100%\"><tr><td align=\"left\">ungaungavgc</td><td align=\"right\">Slackermaru</tr><tr><td align=\"left\"><i class=\"fa fa-circle\"></i> <i class=\"fa fa-circle-o\"></i> </td><td align=\"right\"><i class=\"fa fa-circle-o\"></i> <i class=\"fa fa-circle-o\"></i> </tr></table>\n|uhtml|bestof|<h2><strong>Game 2</strong> of <a href=\"/game-bestof3-gen9vgc2025regibo3-2353834073\">a best-of-3</a></h2>\n|t:|1746007853\n|gametype|doubles\n|player|p1|ungaungavgc|169|1355\n|player|p2|Slackermaru|workerice|1430\n|teamsize|p1|6\n|teamsize|p2|6\n|gen|9\n|tier|[Gen 9] VGC 2025 Reg I (Bo3)\n|rated|\n|rule|Species Clause: Limit one of each Pok\u00e9mon\n|rule|Item Clause: Limit 1 of each item\n|clearpoke\n|poke|p1|Smeargle, L50, F|\n|poke|p1|Calyrex-Ice, L50|\n|poke|p1|Lunala, L50|\n|poke|p1|Torkoal, L50, F|\n|poke|p1|Indeedee-F, L50, F|\n|poke|p1|Annihilape, L50, F|\n|poke|p2|Koraidon, L50|\n|poke|p2|Brute Bonnet, L50|\n|poke|p2|Flutter Mane, L50|\n|poke|p2|Lunala, L50|\n|poke|p2|Chi-Yu, L50|\n|poke|p2|Indeedee-F, L50, F|\n|teampreview|4\n|showteam|p1|Smeargle||FocusSash|Moody|Spore,FakeOut,WideGuard,FollowMe|||F|||50|,,,,,Ghost]Calyrex-Ice||NeverMeltIce|AsOneGlastrier|TrickRoom,CloseCombat,GlacialLance,Protect||||||50|,,,,,Grass]Lunala||PowerHerb|ShadowShield|ExpandingForce,MoongeistBeam,MeteorBeam,Protect||||||50|,,,,,Water]Torkoal||Charcoal|Drought|WeatherBall,Eruption,Protect,ClearSmog|||F|||50|,,,,,Fire]Indeedee-F||SafetyGoggles|PsychicSurge|FollowMe,TrickRoom,HealPulse,Psychic|||F|||50|,,,,,Fire]Annihilape||ChoiceScarf|Defiant|CloseCombat,FinalGambit,Uturn,PhantomForce|||F|||50|,,,,,Fighting\n|showteam|p2|Koraidon||LifeOrb|OrichalcumPulse|CloseCombat,FlareBlitz,FlameCharge,Protect||||||50|,,,,,Fire]Brute Bonnet||CovertCloak|Protosynthesis|SuckerPunch,SeedBomb,Spore,RagePowder||||||50|,,,,,Water]Flutter Mane||FocusSash|Protosynthesis|Protect,Moonblast,ShadowBall,IcyWind||||||50|,,,,,Normal]Lunala||PowerHerb|ShadowShield|MoongeistBeam,ExpandingForce,MeteorBeam,WideGuard||||||50|,,,,,Water]Chi-Yu||ChoiceScarf|BeadsofRuin|HeatWave,Overheat,DarkPulse,Snarl||||||50|,,,,,Ghost]Indeedee-F||PsychicSeed|PsychicSurge|Psychic,FollowMe,TrickRoom,HelpingHand|||F|||50|,,,,,Water\n|\n|t:|1746007889\n|start\n|switch|p1a: Annihilape|Annihilape, L50, F|100/100\n|switch|p1b: Smeargle|Smeargle, L50, F|100/100\n|switch|p2a: Chi-Yu|Chi-Yu, L50|100/100\n|switch|p2b: Koraidon|Koraidon, L50|100/100\n|-ability|p2a: Chi-Yu|Beads of Ruin\n|-weather|SunnyDay|[from] ability: Orichalcum Pulse|[of] p2b: Koraidon\n|-activate|p2b: Koraidon|Orichalcum Pulse|[source]\n|turn|1\n|\n|t:|1746007917\n|switch|p2b: Lunala|Lunala, L50|100/100\n|-terastallize|p2a: Chi-Yu|Ghost\n|move|p1b: Smeargle|Fake Out|p2a: Chi-Yu\n|-immune|p2a: Chi-Yu\n|move|p1a: Annihilape|Final Gambit|p2b: Lunala\n|-immune|p2b: Lunala\n|move|p2a: Chi-Yu|Heat Wave|p1a: Annihilape|[spread] p1a,p1b\n|-crit|p1a: Annihilape\n|-damage|p1a: Annihilape|0 fnt\n|-enditem|p1b: Smeargle|Focus Sash\n|-damage|p1b: Smeargle|1/100\n|faint|p1a: Annihilape\n|\n|-weather|SunnyDay|[upkeep]\n|-ability|p1b: Smeargle|Moody|boost\n|-boost|p1b: Smeargle|spa|2\n|-unboost|p1b: Smeargle|def|1\n|upkeep\n|\n|t:|1746007930\n|switch|p1a: Calyrex|Calyrex-Ice, L50|100/100\n|-ability|p1a: Calyrex|As One\n|-ability|p1a: Calyrex|Unnerve\n|turn|2\n|\n|t:|1746007949\n|switch|p2a: Brute Bonnet|Brute Bonnet, L50, shiny|100/100\n|-activate|p2a: Brute Bonnet|ability: Protosynthesis\n|-start|p2a: Brute Bonnet|protosynthesisdef\n|-terastallize|p1a: Calyrex|Grass\n|move|p1b: Smeargle|Wide Guard|p1b: Smeargle\n|-singleturn|p1b: Smeargle|Wide Guard\n|move|p2b: Lunala|Meteor Beam||[still]\n|-prepare|p2b: Lunala|Meteor Beam\n|-boost|p2b: Lunala|spa|1\n|-enditem|p2b: Lunala|Power Herb\n|-anim|p2b: Lunala|Meteor Beam|p1a: Calyrex\n|-damage|p1a: Calyrex|56/100\n|move|p1a: Calyrex|Trick Room|p1a: Calyrex\n|-fieldstart|move: Trick Room|[of] p1a: Calyrex\n|\n|-weather|SunnyDay|[upkeep]\n|-ability|p1b: Smeargle|Moody|boost\n|-boost|p1b: Smeargle|spe|2\n|-unboost|p1b: Smeargle|spd|1\n|upkeep\n|turn|3\n|\n|t:|1746007974\n|move|p1b: Smeargle|Follow Me|p1b: Smeargle\n|-singleturn|p1b: Smeargle|move: Follow Me\n|move|p1a: Calyrex|Glacial Lance|p2b: Lunala|[spread] p2a,p2b\n|-supereffective|p2a: Brute Bonnet\n|-damage|p2a: Brute Bonnet|29/100\n|-damage|p2b: Lunala|73/100\n|move|p2a: Brute Bonnet|Seed Bomb|p1b: Smeargle\n|-crit|p1b: Smeargle\n|-damage|p1b: Smeargle|0 fnt\n|faint|p1b: Smeargle\n|move|p2b: Lunala|Moongeist Beam|p1a: Calyrex\n|-damage|p1a: Calyrex|2/100\n|\n|-weather|SunnyDay|[upkeep]\n|upkeep\n|\n|t:|1746007980\n|switch|p1b: Lunala|Lunala, L50|100/100\n|turn|4\n|\n|t:|1746008009\n|move|p1a: Calyrex|Protect|p1a: Calyrex\n|-singleturn|p1a: Calyrex|Protect\n|move|p2a: Brute Bonnet|Rage Powder|p2a: Brute Bonnet\n|-singleturn|p2a: Brute Bonnet|move: Rage Powder\n|move|p1b: Lunala|Moongeist Beam|p2a: Brute Bonnet\n|-resisted|p2a: Brute Bonnet\n|-damage|p2a: Brute Bonnet|9/100\n|move|p2b: Lunala|Moongeist Beam|p1b: Lunala\n|-supereffective|p1b: Lunala\n|-damage|p1b: Lunala|0 fnt\n|faint|p1b: Lunala\n|\n|-weather|SunnyDay|[upkeep]\n|upkeep\n|turn|5\n|-message|ungaungavgc forfeited.\n|\n|win|Slackermaru\n|l|\u2606ungaungavgc\n|player|p1|\n||ungaungavgc is ready for game 3.\n||Slackermaru is ready for game 3.\n|uhtml|next|Next: <a href=\"/battle-gen9vgc2025regibo3-2353836568\"><strong>Game 3 of 3</strong></a>\n|l|\u2606Slackermaru\n|player|p2|\n", "uploadtime": 1746008343, "views": 6, "formatid": "gen9vgc2025regibo3", "rating": null, "private": 0, "password": null}