{"id": "gen9vgc2025regibo3-2354618061", "format": "[Gen 9] VGC 2025 Reg I (Bo3)", "players": ["Ytterby", "wibe guarb"], "log": "|j|\u2606Ytterby\n|j|\u2606wibe guarb\n|html|<table width=\"100%\"><tr><td align=\"left\">Ytterby</td><td align=\"right\">wibe guarb</tr><tr><td align=\"left\"><i class=\"fa fa-circle-o\"></i> <i class=\"fa fa-circle-o\"></i> </td><td align=\"right\"><i class=\"fa fa-circle-o\"></i> <i class=\"fa fa-circle\"></i> </tr></table>\n|uhtml|bestof|<h2><strong>Game 2</strong> of <a href=\"/game-bestof3-gen9vgc2025regibo3-2354613269\">a best-of-3</a></h2>\n|t:|1746103477\n|gametype|doubles\n|player|p1|Ytterby|brycenman|\n|player|p2|wibe guarb|ninjaboy|\n|teamsize|p1|6\n|teamsize|p2|6\n|gen|9\n|tier|[Gen 9] VGC 2025 Reg I (Bo3)\n|rule|Species Clause: Limit one of each Pok\u00e9mon\n|rule|Item Clause: Limit 1 of each item\n|clearpoke\n|poke|p1|Ursaluna-Bloodmoon, L50, M|\n|poke|p1|Oranguru, L50, M|\n|poke|p1|Iron Hands, L50|\n|poke|p1|Calyrex-Ice, L50|\n|poke|p1|Miraidon, L50|\n|poke|p1|Zoroark-Hisui, L50, F|\n|poke|p2|Basculegion, L50, M|\n|poke|p2|Kyogre, L50|\n|poke|p2|Weezing-Galar, L50, M|\n|poke|p2|Dialga-Origin, L50|\n|poke|p2|Wo-Chien, L50|\n|poke|p2|Indeedee-F, L50, F|\n|teampreview|4\n|showteam|p1|Ursaluna-Bloodmoon||ThroatSpray|MindsEye|Protect,HyperVoice,BloodMoon,EarthPower|||M|||50|,,,,,Normal]Oranguru||ElectricSeed|InnerFocus|FoulPlay,TrickRoom,Instruct,Protect|||M|||50|,,,,,Dragon]Iron Hands||AssaultVest|QuarkDrive|FakeOut,WildCharge,DrainPunch,IronHead||||||50|,,,,,Grass]Calyrex-Ice||ClearAmulet|AsOneGlastrier|Protect,GlacialLance,HighHorsepower,TrickRoom||||||50|,,,,,Fire]Miraidon||ChoiceScarf|HadronEngine|ElectroDrift,DazzlingGleam,DracoMeteor,VoltSwitch||||||50|,,,,,Fairy]Zoroark-Hisui||ChoiceSpecs|Illusion|HyperBeam,HyperVoice,ShadowBall,Snarl|||F|||50|,,,,,Stellar\n|showteam|p2|Basculegion||ChoiceBand|SwiftSwim|WaveCrash,LastRespects,FlipTurn,AquaJet|||M|||50|,,,,,Grass]Kyogre||AssaultVest|Drizzle|WaterSpout,HydroPump,IceBeam,Thunder||||||50|,,,,,Grass]Weezing-Galar||CovertCloak|NeutralizingGas|StrangeSteam,WillOWisp,Taunt,Protect|||M|||50|,,,,,Grass]Dialga-Origin||AdamantCrystal|Pressure|DragonPulse,FlashCannon,TrickRoom,Protect||||||50|,,,,,Bug]Wo-Chien||Leftovers|TabletsofRuin|KnockOff,PollenPuff,LeechSeed,Protect||||||50|,,,,,Poison]Indeedee-F||SafetyGoggles|PsychicSurge|FollowMe,TrickRoom,HealPulse,Psychic|||F|||50|,,,,,Dragon\n|\n|t:|1746103656\n|start\n|switch|p1a: Oranguru|Oranguru, L50, M|100/100\n|switch|p1b: Miraidon|Miraidon, L50|100/100\n|switch|p2a: Basculegion|Basculegion, L50, M|100/100\n|switch|p2b: Kyogre|Kyogre, L50|100/100\n|-fieldstart|move: Electric Terrain|[from] ability: Hadron Engine|[of] p1b: Miraidon\n|-enditem|p1a: Oranguru|Electric Seed\n|-boost|p1a: Oranguru|def|1|[from] item: Electric Seed\n|-weather|RainDance|[from] ability: Drizzle|[of] p2b: Kyogre\n|turn|1\n|\n|t:|1746103735\n|-terastallize|p2b: Kyogre|Grass\n|-terastallize|p1a: Oranguru|Dragon\n|move|p1b: Miraidon|Volt Switch|p2a: Basculegion\n|-supereffective|p2a: Basculegion\n|-damage|p2a: Basculegion|0 fnt\n|faint|p2a: Basculegion\n|\n|t:|1746103783\n|switch|p1b: Calyrex|Calyrex-Ice, L50|100/100|[from] Volt Switch\n|-ability|p1b: Calyrex|As One\n|-ability|p1b: Calyrex|Unnerve\n|move|p2b: Kyogre|Water Spout|p1b: Calyrex|[spread] p1a,p1b\n|-resisted|p1a: Oranguru\n|-damage|p1a: Oranguru|67/100\n|-damage|p1b: Calyrex|23/100\n|move|p1a: Oranguru|Trick Room|p1a: Oranguru\n|-fieldstart|move: Trick Room|[of] p1a: Oranguru\n|\n|-weather|RainDance|[upkeep]\n|upkeep\n|\n|t:|1746103799\n|switch|p2a: Dialga|Dialga-Origin, L50|100/100\n|-ability|p2a: Dialga|Pressure\n|turn|2\n|\n|t:|1746103830\n|move|p1b: Calyrex|Glacial Lance|p2a: Dialga|[spread] p2a,p2b\n|-supereffective|p2b: Kyogre\n|-damage|p2a: Dialga|54/100\n|-damage|p2b: Kyogre|0 fnt\n|faint|p2b: Kyogre\n|-ability|p1b: Calyrex|Chilling Neigh|boost\n|-boost|p1b: Calyrex|atk|1\n|move|p1a: Oranguru|Instruct|p1b: Calyrex\n|-singleturn|p1b: Calyrex|move: Instruct|[of] p1a: Oranguru\n|move|p1b: Calyrex|Glacial Lance|p2a: Dialga\n|-damage|p2a: Dialga|0 fnt\n|faint|p2a: Dialga\n|-ability|p1b: Calyrex|Chilling Neigh|boost\n|-boost|p1b: Calyrex|atk|1\n|\n|-weather|RainDance|[upkeep]\n|upkeep\n|-message|wibe guarb forfeited.\n|\n|win|Ytterby\n||wibe guarb is ready for game 3.\n|inactive|Ytterby has 30 seconds to confirm battle start!\n|inactive|Ytterby has 20 seconds to confirm battle start!\n|inactive|Ytterby has 10 seconds to confirm battle start!\n||Ytterby is ready for game 3.\n|uhtml|next|Next: <a href=\"/battle-gen9vgc2025regibo3-2354621341\"><strong>Game 3 of 3</strong></a>\n", "uploadtime": 1746103887, "views": 7, "formatid": "gen9vgc2025regibo3", "rating": null, "private": 0, "password": null}