{"id": "gen9vgc2025regibo3-2354324868", "format": "[Gen 9] VGC 2025 Reg I (Bo3)", "players": ["amarin93", "Chaotic Raos"], "log": "|j|\u2606amarin93\n|j|\u2606Chaotic Raos\n|html|<table width=\"100%\"><tr><td align=\"left\">amarin93</td><td align=\"right\">Chaotic Raos</tr><tr><td align=\"left\"><i class=\"fa fa-circle-o\"></i> <i class=\"fa fa-circle-o\"></i> </td><td align=\"right\"><i class=\"fa fa-circle-o\"></i> <i class=\"fa fa-circle-o\"></i> </tr></table>\n|uhtml|bestof|<h2><strong>Game 1</strong> of <a href=\"/game-bestof3-gen9vgc2025regibo3-2354324867\">a best-of-3</a></h2>\n|t:|1746057500\n|gametype|doubles\n|player|p1|amarin93|lucas-gen4pt|1289\n|player|p2|Chaotic Raos|bellelba|1350\n|teamsize|p1|6\n|teamsize|p2|6\n|gen|9\n|tier|[Gen 9] VGC 2025 Reg I (Bo3)\n|rated|\n|rule|Species Clause: Limit one of each Pok\u00e9mon\n|rule|Item Clause: Limit 1 of each item\n|clearpoke\n|poke|p1|Koraidon, L50|\n|poke|p1|Charizard, L50, M|\n|poke|p1|Flutter Mane, L50|\n|poke|p1|Raging Bolt, L50|\n|poke|p1|Calyrex-Ice, L50|\n|poke|p1|Shiftry, L50, F|\n|poke|p2|Kyogre, L50|\n|poke|p2|Tornadus, L50, M|\n|poke|p2|Zacian-*, L50|\n|poke|p2|Amoonguss, L50, F|\n|poke|p2|Iron Hands, L50|\n|poke|p2|Flutter Mane, L50|\n|teampreview|4\n|showteam|p1|Koraidon||LifeOrb|OrichalcumPulse|CloseCombat,FlareBlitz,FlameCharge,Protect||||||50|,,,,,Fire]Charizard||ChoiceSpecs|SolarPower|HeatWave,Overheat,AirSlash,Flamethrower|||M|||50|,,,,,Fire]Flutter Mane||FocusSash|Protosynthesis|Moonblast,IcyWind,ThunderWave,Taunt||||||50|,,,,,Normal]Raging Bolt||AssaultVest|Protosynthesis|Snarl,Thunderbolt,Thunderclap,DragonPulse||||||50|,,,,,Water]Calyrex-Ice||ClearAmulet|AsOneGlastrier|GlacialLance,HighHorsepower,TrickRoom,Imprison||||||50|,,,,,Fire]Shiftry||CovertCloak|Chlorophyll|FakeOut,KnockOff,LeafBlade,Tailwind|||F|||50|,,,,,Ghost\n|showteam|p2|Kyogre||MysticWater|Drizzle|WaterSpout,OriginPulse,Protect,IceBeam||||||50|,,,,,Grass]Tornadus||CovertCloak|Prankster|Tailwind,BleakwindStorm,Taunt,RainDance|||M|||50|,,,,,Dark]Zacian-Crowned||RustedSword|IntrepidSword|behemothblade,PlayRough,SacredSword,Protect||||||50|,,,,,Water]Amoonguss||RockyHelmet|Regenerator|Spore,RagePowder,PollenPuff,Protect|||F|||50|,,,,,Water]Iron Hands||AssaultVest|QuarkDrive|FakeOut,WildCharge,DrainPunch,LowKick||||||50|,,,,,Grass]Flutter Mane||BoosterEnergy|Protosynthesis|ShadowBall,DazzlingGleam,IcyWind,Protect||||||50|,,,,,Fairy\n|\n|t:|1746057537\n|start\n|switch|p1a: Shiftry|Shiftry, L50, F|100/100\n|switch|p1b: Raging Bolt|Raging Bolt, L50|100/100\n|switch|p2a: Flutter Mane|Flutter Mane, L50|100/100\n|switch|p2b: Kyogre|Kyogre, L50|100/100\n|-weather|RainDance|[from] ability: Drizzle|[of] p2b: Kyogre\n|-enditem|p2a: Flutter Mane|Booster Energy\n|-activate|p2a: Flutter Mane|ability: Protosynthesis|[fromitem]\n|-start|p2a: Flutter Mane|protosynthesisspe\n|turn|1\n|\n|t:|1746057600\n|switch|p2b: Iron Hands|Iron Hands, L50|100/100\n|-end|p1b: Raging Bolt|Protosynthesis|[silent]\n|switch|p1b: Koraidon|Koraidon, L50|100/100\n|-weather|SunnyDay|[from] ability: Orichalcum Pulse|[of] p1b: Koraidon\n|-activate|p1b: Koraidon|Orichalcum Pulse|[source]\n|-terastallize|p2a: Flutter Mane|Fairy\n|move|p2a: Flutter Mane|Dazzling Gleam|p1a: Shiftry|[spread] p1a,p1b\n|-supereffective|p1a: Shiftry\n|-supereffective|p1b: Koraidon\n|-damage|p1a: Shiftry|0 fnt\n|-damage|p1b: Koraidon|0 fnt\n|faint|p1a: Shiftry\n|faint|p1b: Koraidon\n|\n|-weather|SunnyDay|[upkeep]\n|upkeep\n|-message|amarin93 forfeited.\n|\n|win|Chaotic Raos\n|l|\u2606amarin93\n|player|p1|\n||amarin93 is ready for game 2.\n||Chaotic Raos is ready for game 2.\n|uhtml|next|Next: <a href=\"/battle-gen9vgc2025regibo3-2354325835\"><strong>Game 2 of 3</strong></a>\n", "uploadtime": 1746057773, "views": 14, "formatid": "gen9vgc2025regibo3", "rating": null, "private": 0, "password": null}