{"id": "gen9vgc2025regibo3-2353841098", "format": "[Gen 9] VGC 2025 Reg I (Bo3)", "players": ["nonnobbisca", "jj enton"], "log": "|j|\u2606nonnobbisca\n|j|\u2606jj enton\n|html|<table width=\"100%\"><tr><td align=\"left\">nonnobbisca</td><td align=\"right\">jj enton</tr><tr><td align=\"left\"><i class=\"fa fa-circle-o\"></i> <i class=\"fa fa-circle-o\"></i> </td><td align=\"right\"><i class=\"fa fa-circle-o\"></i> <i class=\"fa fa-circle-o\"></i> </tr></table>\n|uhtml|bestof|<h2><strong>Game 1</strong> of <a href=\"/game-bestof3-gen9vgc2025regibo3-2353841097\">a best-of-3</a></h2>\n|t:|1746008716\n|gametype|doubles\n|player|p1|nonnobbisca|cilan|1101\n|player|p2|jj enton|red|1091\n|teamsize|p1|6\n|teamsize|p2|6\n|gen|9\n|tier|[Gen 9] VGC 2025 Reg I (Bo3)\n|rated|\n|rule|Species Clause: Limit one of each Pok\u00e9mon\n|rule|Item Clause: Limit 1 of each item\n|clearpoke\n|poke|p1|Miraidon, L50|\n|poke|p1|Talonflame, L50, M|\n|poke|p1|Calyrex-Ice, L50|\n|poke|p1|Ogerpon-Cornerstone, L50, F|\n|poke|p1|Iron Hands, L50|\n|poke|p1|Farigiraf, L50, M|\n|poke|p2|Zacian-*, L50|\n|poke|p2|Kyogre, L50|\n|poke|p2|Tornadus, L50, M|\n|poke|p2|Urshifu-*, L50, M|\n|poke|p2|Rillaboom, L50, M|\n|poke|p2|Chien-Pao, L50|\n|teampreview|4\n|showteam|p1|Miraidon||LifeOrb|HadronEngine|VoltSwitch,DracoMeteor,ElectroDrift,Protect||||||50|,,,,,Electric]Talonflame||ElectricSeed|GaleWings|Acrobatics,Taunt,UpperHand,Tailwind|||M|||50|,,,,,Flying]Calyrex-Ice||ClearAmulet|AsOneGlastrier|GlacialLance,HighHorsepower,Protect,TrickRoom||||||50|,,,,,Fire]Ogerpon-Cornerstone||CornerstoneMask|Sturdy|IvyCudgel,PowerWhip,FollowMe,SpikyShield|||F|||50|,,,,,Rock]Iron Hands||AssaultVest|QuarkDrive|FakeOut,WildCharge,DrainPunch,LowKick||||||50|,,,,,Bug]Farigiraf||SitrusBerry|ArmorTail|Psychic,FoulPlay,HelpingHand,TrickRoom|||M|||50|,,,,,Fairy\n|showteam|p2|Zacian-Crowned||RustedSword|IntrepidSword|behemothblade,PlayRough,TeraBlast,Protect||||||50|,,,,,Ground]Kyogre||MysticWater|Drizzle|WaterSpout,OriginPulse,IceBeam,Protect||||||50|,,,,,Grass]Tornadus||CovertCloak|Prankster|BleakwindStorm,RainDance,Tailwind,Taunt|||M|||50|,,,,,Dark]Urshifu-Rapid-Strike||ChoiceScarf|UnseenFist|SurgingStrikes,CloseCombat,Uturn,AquaJet|||M|||50|,,,,,Water]Rillaboom||AssaultVest|GrassySurge|FakeOut,WoodHammer,GrassyGlide,Uturn|||M|||50|,,,,,Fire]Chien-Pao||FocusSash|SwordofRuin|IceSpinner,SuckerPunch,BrickBreak,Protect||||||50|,,,,,Ghost\n|inactive|Battle timer is ON: inactive players will automatically lose when time's up. (requested by jj enton)\n|inactive|jj enton has 60 seconds left.\n|inactive|jj enton has 30 seconds left.\n|inactive|jj enton has 20 seconds left.\n|inactive|jj enton has 15 seconds left.\n|\n|t:|1746008823\n|start\n|switch|p1a: Raydon|Miraidon, L50|100/100\n|switch|p1b: Talon|Talonflame, L50, M|100/100\n|switch|p2a: Leppard|Chien-Pao, L50|100/100\n|switch|p2b: Zoro|Zacian-Crowned, L50|100/100\n|-ability|p2b: Zoro|Intrepid Sword|boost\n|-boost|p2b: Zoro|atk|1\n|-ability|p2a: Leppard|Sword of Ruin\n|-fieldstart|move: Electric Terrain|[from] ability: Hadron Engine|[of] p1a: Raydon\n|-enditem|p1b: Talon|Electric Seed\n|-boost|p1b: Talon|def|1|[from] item: Electric Seed\n|turn|1\n|inactive|nonnobbisca has 30 seconds left.\n|inactive|jj enton has 30 seconds left.\n|inactive|nonnobbisca has 20 seconds left.\n|inactive|jj enton has 20 seconds left.\n|inactive|nonnobbisca has 15 seconds left.\n|inactive|jj enton has 15 seconds left.\n|inactive|nonnobbisca has 10 seconds left.\n|inactive|nonnobbisca has 5 seconds left.\n|\n|t:|1746008875\n|-terastallize|p2b: Zoro|Ground\n|move|p1a: Raydon|Protect|p1a: Raydon\n|-singleturn|p1a: Raydon|Protect\n|move|p1b: Talon|Acrobatics|p2a: Leppard\n|-damage|p2a: Leppard|42/100\n|move|p2b: Zoro|Tera Blast|p1a: Raydon|[anim] Tera Blast Ground\n|-activate|p1a: Raydon|move: Protect\n|move|p2a: Leppard|Ice Spinner|p1a: Raydon\n|-activate|p1a: Raydon|move: Protect\n|\n|upkeep\n|turn|2\n|inactive|nonnobbisca has 30 seconds left.\n|inactive|jj enton has 30 seconds left.\n|inactive|nonnobbisca has 20 seconds left.\n|inactive|jj enton has 20 seconds left.\n|inactive|nonnobbisca has 15 seconds left.\n|inactive|nonnobbisca has 10 seconds left.\n|inactive|nonnobbisca has 5 seconds left.\n|\n|t:|1746008925\n|move|p2a: Leppard|Protect|p2a: Leppard\n|-singleturn|p2a: Leppard|Protect\n|move|p1b: Talon|Tailwind|p1b: Talon\n|-sidestart|p1: nonnobbisca|move: Tailwind\n|move|p1a: Raydon|Volt Switch|p2a: Leppard\n|-activate|p2a: Leppard|move: Protect\n|move|p2b: Zoro|Tera Blast|p1a: Raydon|[anim] Tera Blast Ground\n|-supereffective|p1a: Raydon\n|-damage|p1a: Raydon|0 fnt\n|faint|p1a: Raydon\n|\n|upkeep\n|inactive|nonnobbisca has 30 seconds left.\n|inactive|nonnobbisca has 20 seconds left.\n|inactive|nonnobbisca has 15 seconds left.\n|inactive|nonnobbisca has 10 seconds left.\n|\n|t:|1746008973\n|switch|p1a: Caly|Calyrex-Ice, L50|100/100\n|-ability|p1a: Caly|As One\n|-ability|p1a: Caly|Unnerve\n|turn|3\n|\n|t:|1746008990\n|move|p2b: Zoro|Protect|p2b: Zoro\n|-singleturn|p2b: Zoro|Protect\n|move|p1b: Talon|Acrobatics|p2a: Leppard\n|-damage|p2a: Leppard|0 fnt\n|faint|p2a: Leppard\n|move|p1a: Caly|Trick Room|p1a: Caly\n|-fieldstart|move: Trick Room|[of] p1a: Caly\n|\n|upkeep\n|inactive|jj enton has 30 seconds left.\n|inactive|jj enton has 20 seconds left.\n|\n|t:|1746009026\n|switch|p2a: Leviathan|Kyogre, L50|100/100\n|-weather|RainDance|[from] ability: Drizzle|[of] p2a: Leviathan\n|turn|4\n|inactive|nonnobbisca has 30 seconds left.\n|inactive|jj enton has 30 seconds left.\n|\n|t:|1746009060\n|switch|p1b: Hands|Iron Hands, L50|100/100\n|-activate|p1b: Hands|ability: Quark Drive\n|-start|p1b: Hands|quarkdriveatk\n|move|p2a: Leviathan|Protect|p2a: Leviathan\n|-singleturn|p2a: Leviathan|Protect\n|move|p1a: Caly|Glacial Lance|p2a: Leviathan|[spread] p2b\n|-activate|p2a: Leviathan|move: Protect\n|-supereffective|p2b: Zoro\n|-damage|p2b: Zoro|0 fnt\n|faint|p2b: Zoro\n|-ability|p1a: Caly|Chilling Neigh|boost\n|-boost|p1a: Caly|atk|1\n|\n|-weather|RainDance|[upkeep]\n|upkeep\n|\n|t:|1746009077\n|switch|p2b: Cyclos|Tornadus, L50, M|100/100\n|turn|5\n|inactive|nonnobbisca has 30 seconds left.\n|inactive|jj enton has 30 seconds left.\n|inactive|jj enton has 20 seconds left.\n|inactive|jj enton has 15 seconds left.\n|inactive|jj enton has 10 seconds left.\n|inactive|jj enton has 5 seconds left.\n|\n|t:|1746009131\n|move|p2b: Cyclos|Tailwind|p2b: Cyclos\n|-sidestart|p2: jj enton|move: Tailwind\n|move|p1a: Caly|Glacial Lance|p2a: Leviathan|[spread] p2a,p2b\n|-resisted|p2a: Leviathan\n|-supereffective|p2b: Cyclos\n|-damage|p2a: Leviathan|61/100\n|-damage|p2b: Cyclos|0 fnt\n|faint|p2b: Cyclos\n|-ability|p1a: Caly|Chilling Neigh|boost\n|-boost|p1a: Caly|atk|1\n|move|p1b: Hands|Wild Charge|p2a: Leviathan\n|-supereffective|p2a: Leviathan\n|-damage|p2a: Leviathan|0 fnt\n|faint|p2a: Leviathan\n|-damage|p1b: Hands|87/100|[from] Recoil\n|\n|win|nonnobbisca\n|l|\u2606nonnobbisca\n|player|p1|\n||nonnobbisca is ready for game 2.\n|inactive|jj enton has 30 seconds to confirm battle start!\n||jj enton is ready for game 2.\n|uhtml|next|Next: <a href=\"/battle-gen9vgc2025regibo3-2353843872\"><strong>Game 2 of 3</strong></a>\n", "uploadtime": 1746009447, "views": 7, "formatid": "gen9vgc2025regibo3", "rating": null, "private": 0, "password": null}