{"id": "gen9vgc2025regibo3-2354561045", "format": "[Gen 9] VGC 2025 Reg I (Bo3)", "players": ["Unstable Wolf", "everlol"], "log": "|j|\u2606Unstable Wolf\n|j|\u2606everlol\n|html|<table width=\"100%\"><tr><td align=\"left\">Unstable Wolf</td><td align=\"right\">everlol</tr><tr><td align=\"left\"><i class=\"fa fa-circle\"></i> <i class=\"fa fa-circle-o\"></i> </td><td align=\"right\"><i class=\"fa fa-circle-o\"></i> <i class=\"fa fa-circle-o\"></i> </tr></table>\n|uhtml|bestof|<h2><strong>Game 2</strong> of <a href=\"/game-bestof3-gen9vgc2025regibo3-2354560261\">a best-of-3</a></h2>\n|t:|1746094671\n|gametype|doubles\n|player|p1|Unstable Wolf|palmer|1201\n|player|p2|everlol|102|1115\n|teamsize|p1|6\n|teamsize|p2|6\n|gen|9\n|tier|[Gen 9] VGC 2025 Reg I (Bo3)\n|rated|\n|rule|Species Clause: Limit one of each Pok\u00e9mon\n|rule|Item Clause: Limit 1 of each item\n|clearpoke\n|poke|p1|Necrozma-Dusk-Mane, L50|\n|poke|p1|Miraidon, L50|\n|poke|p1|Pelipper, L50, F|\n|poke|p1|Grimmsnarl, L50, M|\n|poke|p1|Iron Hands, L50|\n|poke|p1|Ogerpon-Wellspring, L50, F|\n|poke|p2|Koraidon, L50|\n|poke|p2|Whimsicott, L50, F|\n|poke|p2|Indeedee-F, L50, F|\n|poke|p2|Annihilape, L50, M|\n|poke|p2|Calyrex-Shadow, L50|\n|poke|p2|Flutter Mane, L50|\n|teampreview|4\n|showteam|p1|Necrozma-Dusk-Mane||ClearAmulet|PrismArmor|SunsteelStrike,PhotonGeyser,Protect,TrickRoom||||||50|,,,,,Dark]Miraidon||ChoiceSpecs|HadronEngine|VoltSwitch,ElectroDrift,DracoMeteor,DazzlingGleam||||||50|,,,,,Fairy]Pelipper||FocusSash|Drizzle|WeatherBall,Hurricane,WideGuard,Protect|||F|||50|,,,,,Ghost]Grimmsnarl||LightClay|Prankster|LightScreen,Reflect,ThunderWave,SpiritBreak|||M|||50|,,,,,Ghost]Iron Hands||AssaultVest|QuarkDrive|FakeOut,DrainPunch,LowKick,WildCharge||||||50|,,,,,Water]Ogerpon-Wellspring||WellspringMask|WaterAbsorb|HornLeech,IvyCudgel,FollowMe,SpikyShield|||F|||50|,,,,,Water\n|showteam|p2|Koraidon||LifeOrb|OrichalcumPulse|FlareBlitz,Protect,CloseCombat,FlameCharge||||||50|,,,,,Fire]Whimsicott||CovertCloak|Prankster|Tailwind,Taunt,Moonblast,Encore|||F|||50|,,,,,Ghost]Indeedee-F||SafetyGoggles|PsychicSurge|Imprison,Psychic,TrickRoom,FollowMe|||F|||50|,,,,,Fairy]Annihilape||ChoiceScarf|Defiant|FinalGambit,RockSlide,ShadowClaw,Uturn|||M|||50|,,,,,Normal]Calyrex-Shadow||FocusSash|AsOneSpectrier|AstralBarrage,ExpandingForce,ShadowBall,DarkPulse||||||50|,,,,,Dark]Flutter Mane||ChoiceSpecs|Protosynthesis|Moonblast,IcyWind,DazzlingGleam,ShadowBall||||||50|,,,,,Fairy\n|inactive|Battle timer is ON: inactive players will automatically lose when time's up. (requested by everlol)\n|\n|t:|1746094696\n|start\n|switch|p1a: Budget Kyogre|Pelipper, L50, F|100/100\n|switch|p1b: Necrozma|Necrozma-Dusk-Mane, L50|100/100\n|switch|p2a: Annihilape|Annihilape, L50, M|100/100\n|switch|p2b: Indeedee|Indeedee-F, L50, F|100/100\n|-fieldstart|move: Psychic Terrain|[from] ability: Psychic Surge|[of] p2b: Indeedee\n|-weather|RainDance|[from] ability: Drizzle|[of] p1a: Budget Kyogre\n|turn|1\n|inactive|Unstable Wolf has 30 seconds left.\n|inactive|Unstable Wolf has 20 seconds left.\n|inactive|Unstable Wolf has 15 seconds left.\n|inactive|everlol has 30 seconds left.\n|\n|t:|1746094743\n|move|p2a: Annihilape|U-turn|p1a: Budget Kyogre\n|-resisted|p1a: Budget Kyogre\n|-crit|p1a: Budget Kyogre\n|-damage|p1a: Budget Kyogre|84/100\n|\n|t:|1746094749\n|switch|p2a: Calyrex|Calyrex-Shadow, L50|100/100|[from] U-turn\n|-ability|p2a: Calyrex|As One\n|-ability|p2a: Calyrex|Unnerve\n|move|p2b: Indeedee|Imprison|p2b: Indeedee\n|-start|p2b: Indeedee|move: Imprison\n|move|p1a: Budget Kyogre|Weather Ball|p2b: Indeedee\n|-damage|p2b: Indeedee|27/100\n|move|p1b: Necrozma|Sunsteel Strike|p2b: Indeedee\n|-damage|p2b: Indeedee|0 fnt\n|faint|p2b: Indeedee\n|\n|-weather|RainDance|[upkeep]\n|upkeep\n|\n|t:|1746094772\n|switch|p2b: Annihilape|Annihilape, L50, M|100/100\n|turn|2\n|inactive|Unstable Wolf has 30 seconds left.\n|inactive|Unstable Wolf has 20 seconds left.\n|\n|t:|1746094808\n|-terastallize|p1b: Necrozma|Dark\n|move|p1a: Budget Kyogre|Wide Guard|p1a: Budget Kyogre\n|-singleturn|p1a: Budget Kyogre|Wide Guard\n|move|p2b: Annihilape|Final Gambit|p1b: Necrozma\n|-damage|p1b: Necrozma|0 fnt\n|faint|p2b: Annihilape\n|faint|p1b: Necrozma\n|move|p2a: Calyrex|Expanding Force|p1a: Budget Kyogre\n|-activate|p1a: Budget Kyogre|move: Wide Guard\n|\n|-weather|RainDance|[upkeep]\n|upkeep\n|\n|t:|1746094824\n|switch|p2b: Koraidon|Koraidon, L50|100/100\n|switch|p1b: Bryan|Iron Hands, L50, shiny|100/100\n|-weather|SunnyDay|[from] ability: Orichalcum Pulse|[of] p2b: Koraidon\n|-activate|p2b: Koraidon|Orichalcum Pulse|[source]\n|turn|3\n|inactive|everlol has 30 seconds left.\n|\n|t:|1746094859\n|switch|p1a: Tsar bomba|Miraidon, L50|100/100\n|-fieldstart|move: Electric Terrain|[from] ability: Hadron Engine|[of] p1a: Tsar bomba\n|-activate|p1b: Bryan|ability: Quark Drive\n|-start|p1b: Bryan|quarkdriveatk\n|-terastallize|p2b: Koraidon|Fire\n|move|p2a: Calyrex|Shadow Ball|p1b: Bryan\n|-damage|p1b: Bryan|72/100\n|move|p2b: Koraidon|Flame Charge|p1b: Bryan\n|-damage|p1b: Bryan|13/100\n|-boost|p2b: Koraidon|spe|1\n|-damage|p2b: Koraidon|91/100|[from] item: Life Orb\n|move|p1b: Bryan|Low Kick|p2b: Koraidon\n|-crit|p2b: Koraidon\n|-damage|p2b: Koraidon|0 fnt\n|faint|p2b: Koraidon\n|\n|-weather|SunnyDay|[upkeep]\n|upkeep\n|turn|4\n|\n|t:|1746094878\n|move|p2a: Calyrex|Astral Barrage|p1b: Bryan|[spread] p1a,p1b\n|-damage|p1a: Tsar bomba|51/100\n|-damage|p1b: Bryan|0 fnt\n|faint|p1b: Bryan\n|-end|p1b: Bryan|Quark Drive|[silent]\n|-ability|p2a: Calyrex|Grim Neigh|boost\n|-boost|p2a: Calyrex|spa|1\n|move|p1a: Tsar bomba|Volt Switch|p2a: Calyrex\n|-enditem|p2a: Calyrex|Focus Sash\n|-damage|p2a: Calyrex|1/100\n|\n|t:|1746094882\n|switch|p1a: Budget Kyogre|Pelipper, L50, F|84/100|[from] Volt Switch\n|-weather|RainDance|[from] ability: Drizzle|[of] p1a: Budget Kyogre\n|\n|-weather|RainDance|[upkeep]\n|upkeep\n|\n|t:|1746094883\n|switch|p1b: Tsar bomba|Miraidon, L50|51/100\n|-activate|p1b: Tsar bomba|ability: Hadron Engine\n|turn|5\n|\n|t:|1746094896\n|move|p2a: Calyrex|Astral Barrage|p1a: Budget Kyogre|[spread] p1a,p1b\n|-damage|p1a: Budget Kyogre|0 fnt\n|-damage|p1b: Tsar bomba|0 fnt\n|faint|p1a: Budget Kyogre\n|faint|p1b: Tsar bomba\n|\n|win|everlol\n||Unstable Wolf is ready for game 3.\n||everlol is ready for game 3.\n|uhtml|next|Next: <a href=\"/battle-gen9vgc2025regibo3-2354562324\"><strong>Game 3 of 3</strong></a>\n|l|\u2606Unstable Wolf\n|player|p1|\n|l|\u2606everlol\n|player|p2|\n", "uploadtime": 1746095265, "views": 7, "formatid": "gen9vgc2025regibo3", "rating": null, "private": 0, "password": null}