{"id": "gen9vgc2025regibo3-2354980484", "format": "[Gen 9] VGC 2025 Reg I (Bo3)", "players": ["sjouko", "is_katabo"], "log": "|j|\u2606sjouko\n|j|\u2606is_katabo\n|html|<table width=\"100%\"><tr><td align=\"left\">sjouko</td><td align=\"right\">is_katabo</tr><tr><td align=\"left\"><i class=\"fa fa-circle-o\"></i> <i class=\"fa fa-circle-o\"></i> </td><td align=\"right\"><i class=\"fa fa-circle-o\"></i> <i class=\"fa fa-circle\"></i> </tr></table>\n|uhtml|bestof|<h2><strong>Game 2</strong> of <a href=\"/game-bestof3-gen9vgc2025regibo3-2354978321\">a best-of-3</a></h2>\n|t:|1746138214\n|gametype|doubles\n|player|p1|sjouko|265|1087\n|player|p2|is_katabo|1|1154\n|teamsize|p1|6\n|teamsize|p2|6\n|gen|9\n|tier|[Gen 9] VGC 2025 Reg I (Bo3)\n|rated|\n|rule|Species Clause: Limit one of each Pok\u00e9mon\n|rule|Item Clause: Limit 1 of each item\n|clearpoke\n|poke|p1|Miraidon, L50|\n|poke|p1|Koraidon, L50|\n|poke|p1|Ogerpon-Cornerstone, L50, F|\n|poke|p1|Incineroar, L50, M|\n|poke|p1|Raichu, L50, F|\n|poke|p1|Flutter Mane, L50|\n|poke|p2|Koraidon, L50|\n|poke|p2|Calyrex-Shadow, L50|\n|poke|p2|Chi-Yu, L50|\n|poke|p2|Indeedee-F, L50, F|\n|poke|p2|Brute Bonnet, L50|\n|poke|p2|Flutter Mane, L50|\n|teampreview|4\n|showteam|p1|Miraidon||ChoiceSpecs|HadronEngine|DazzlingGleam,VoltSwitch,ElectroDrift,DracoMeteor||||||50|,,,,,Electric]Koraidon||ClearAmulet|OrichalcumPulse|CloseCombat,Protect,FlareBlitz,FlameCharge||||||50|,,,,,Fire]Ogerpon-Cornerstone||CornerstoneMask|Sturdy|HornLeech,IvyCudgel,SpikyShield,FollowMe|||F|||50|,,,,,Rock]Incineroar||SafetyGoggles|Intimidate|FakeOut,KnockOff,PartingShot,FlareBlitz|||M|||50|,,,,,Ghost]Raichu||AssaultVest|LightningRod|Electroweb,Endeavor,FakeOut,Nuzzle|||F|||50|,,,,,Grass]Flutter Mane||FocusSash|Protosynthesis|Moonblast,Protect,ShadowBall,IcyWind||||||50|,,,,,Fairy\n|showteam|p2|Koraidon||ClearAmulet|OrichalcumPulse|CollisionCourse,FlareBlitz,FlameCharge,Protect||||||50|,,,,,Fire]Calyrex-Shadow||FocusSash|AsOneSpectrier|AstralBarrage,ExpandingForce,ShadowBall,Protect||||||50|,,,,,Ghost]Chi-Yu||ChoiceScarf|BeadsofRuin|DarkPulse,Snarl,HeatWave,Overheat||||||50|,,,,,Ghost]Indeedee-F||RockyHelmet|PsychicSurge|Psychic,FollowMe,HelpingHand,TrickRoom|||F|||50|,,,,,Water]Brute Bonnet||CovertCloak|Protosynthesis|SeedBomb,SuckerPunch,RagePowder,Spore||||||50|,,,,,Fairy]Flutter Mane||BoosterEnergy|Protosynthesis|Moonblast,IcyWind,Taunt,Protect||||||50|,,,,,Water\n|\n|t:|1746138317\n|start\n|switch|p1a: Incineroar|Incineroar, L50, M|100/100\n|switch|p1b: Raichu|Raichu, L50, F|100/100\n|switch|p2a: Jockey|Calyrex-Shadow, L50|100/100\n|switch|p2b: Goat|Indeedee-F, L50, F|100/100\n|-ability|p2a: Jockey|As One\n|-ability|p2a: Jockey|Unnerve\n|-ability|p1a: Incineroar|Intimidate|boost\n|-unboost|p2a: Jockey|atk|1\n|-unboost|p2b: Goat|atk|1\n|-fieldstart|move: Psychic Terrain|[from] ability: Psychic Surge|[of] p2b: Goat\n|turn|1\n|l|\u2606is_katabo\n|player|p2|\n|j|\u2606is_katabo\n|player|p2|is_katabo|1|\n|inactive|Battle timer is ON: inactive players will automatically lose when time's up. (requested by sjouko)\n|\n|t:|1746138372\n|-terastallize|p2b: Goat|Water\n|move|p2b: Goat|Follow Me|p2b: Goat\n|-singleturn|p2b: Goat|move: Follow Me\n|move|p2a: Jockey|Astral Barrage|p1b: Raichu|[spread] p1a,p1b\n|-resisted|p1a: Incineroar\n|-damage|p1a: Incineroar|76/100\n|-damage|p1b: Raichu|64/100\n|move|p1b: Raichu|Nuzzle|p2b: Goat\n|-supereffective|p2b: Goat\n|-damage|p2b: Goat|89/100\n|-status|p2b: Goat|par\n|-damage|p1b: Raichu|48/100|[from] item: Rocky Helmet|[of] p2b: Goat\n|move|p1a: Incineroar|Knock Off|p2b: Goat\n|-damage|p2b: Goat|39/100 par\n|-damage|p1a: Incineroar|59/100|[from] item: Rocky Helmet|[of] p2b: Goat\n|-enditem|p2b: Goat|Rocky Helmet|[from] move: Knock Off|[of] p1a: Incineroar\n|\n|upkeep\n|turn|2\n|inactive|sjouko has 30 seconds left.\n|inactive|is_katabo has 30 seconds left.\n|inactive|sjouko has 20 seconds left.\n|inactive|sjouko has 15 seconds left.\n|inactive|is_katabo has 20 seconds left.\n|inactive|sjouko has 10 seconds left.\n|inactive|is_katabo has 15 seconds left.\n|inactive|sjouko has 5 seconds left.\n|\n|t:|1746138424\n|switch|p2b: Ghast|Flutter Mane, L50|100/100\n|-enditem|p2b: Ghast|Booster Energy\n|-activate|p2b: Ghast|ability: Protosynthesis|[fromitem]\n|-start|p2b: Ghast|protosynthesisspe\n|move|p2a: Jockey|Protect|p2a: Jockey\n|-singleturn|p2a: Jockey|Protect\n|move|p1b: Raichu|Electroweb|p2a: Jockey|[spread] p2b\n|-activate|p2a: Jockey|move: Protect\n|-damage|p2b: Ghast|88/100\n|-unboost|p2b: Ghast|spe|1\n|move|p1a: Incineroar|Knock Off|p2a: Jockey\n|-activate|p2a: Jockey|move: Protect\n|\n|upkeep\n|turn|3\n|inactive|sjouko has 30 seconds left.\n|inactive|is_katabo has 30 seconds left.\n|inactive|sjouko has 20 seconds left.\n|inactive|is_katabo has 20 seconds left.\n|inactive|sjouko has 15 seconds left.\n|inactive|is_katabo has 15 seconds left.\n|inactive|is_katabo has 10 seconds left.\n|inactive|sjouko has 10 seconds left.\n|\n|t:|1746138480\n|move|p2a: Jockey|Astral Barrage|p1a: Incineroar|[spread] p1a,p1b\n|-resisted|p1a: Incineroar\n|-damage|p1a: Incineroar|33/100\n|-damage|p1b: Raichu|8/100\n|move|p2b: Ghast|Icy Wind|p1a: Incineroar|[spread] p1a\n|-miss|p2b: Ghast|p1b: Raichu\n|-resisted|p1a: Incineroar\n|-damage|p1a: Incineroar|26/100\n|-unboost|p1a: Incineroar|spe|1\n|move|p1b: Raichu|Nuzzle|p2a: Jockey\n|-damage|p2a: Jockey|94/100\n|-status|p2a: Jockey|par\n|move|p1a: Incineroar|Knock Off|p2a: Jockey\n|-supereffective|p2a: Jockey\n|-damage|p2a: Jockey|0 fnt\n|-enditem|p2a: Jockey|Focus Sash|[from] move: Knock Off|[of] p1a: Incineroar\n|faint|p2a: Jockey\n|\n|upkeep\n|\n|t:|1746138501\n|switch|p2a: Chicken|Koraidon, L50|100/100\n|-weather|SunnyDay|[from] ability: Orichalcum Pulse|[of] p2a: Chicken\n|-activate|p2a: Chicken|Orichalcum Pulse|[source]\n|turn|4\n|inactive|sjouko has 30 seconds left.\n|inactive|sjouko has 20 seconds left.\n|\n|t:|1746138537\n|move|p2b: Ghast|Moonblast|p1a: Incineroar\n|-damage|p1a: Incineroar|0 fnt\n|faint|p1a: Incineroar\n|move|p2a: Chicken|Flame Charge|p1b: Raichu\n|-damage|p1b: Raichu|0 fnt\n|-boost|p2a: Chicken|spe|1\n|faint|p1b: Raichu\n|\n|-weather|SunnyDay|[upkeep]\n|upkeep\n|\n|t:|1746138542\n|switch|p1b: Koraidon|Koraidon, L50|100/100\n|switch|p1a: Miraidon|Miraidon, L50|100/100\n|-activate|p1b: Koraidon|ability: Orichalcum Pulse\n|-fieldstart|move: Electric Terrain|[from] ability: Hadron Engine|[of] p1a: Miraidon\n|turn|5\n|inactive|is_katabo has 30 seconds left.\n|\n|t:|1746138577\n|-terastallize|p1a: Miraidon|Electric\n|move|p2a: Chicken|Protect|p2a: Chicken\n|-singleturn|p2a: Chicken|Protect\n|move|p2b: Ghast|Protect|p2b: Ghast\n|-singleturn|p2b: Ghast|Protect\n|move|p1b: Koraidon|Flare Blitz|p2b: Ghast\n|-activate|p2b: Ghast|move: Protect\n|move|p1a: Miraidon|Electro Drift|p2a: Chicken\n|-activate|p2a: Chicken|move: Protect\n|\n|-weather|SunnyDay|[upkeep]\n|upkeep\n|turn|6\n|\n|t:|1746138593\n|move|p2a: Chicken|Flare Blitz|p1a: Miraidon\n|-damage|p1a: Miraidon|11/100\n|-damage|p2a: Chicken|71/100|[from] Recoil\n|move|p1b: Koraidon|Flare Blitz|p2b: Ghast\n|-damage|p2b: Ghast|0 fnt\n|faint|p2b: Ghast\n|-end|p2b: Ghast|Protosynthesis|[silent]\n|-damage|p1b: Koraidon|75/100|[from] Recoil\n|move|p1a: Miraidon|Electro Drift|p2a: Chicken\n|-resisted|p2a: Chicken\n|-damage|p2a: Chicken|0 fnt\n|faint|p2a: Chicken\n|\n|-weather|SunnyDay|[upkeep]\n|upkeep\n|-message|is_katabo forfeited.\n|\n|win|sjouko\n||is_katabo is ready for game 3.\n||sjouko is ready for game 3.\n|uhtml|next|Next: <a href=\"/battle-gen9vgc2025regibo3-2354984032\"><strong>Game 3 of 3</strong></a>\n|l|\u2606is_katabo\n|player|p2|\n", "uploadtime": 1746138881, "views": 4, "formatid": "gen9vgc2025regibo3", "rating": null, "private": 0, "password": null}