{"id": "gen9vgc2025regibo3-2353737300", "format": "[Gen 9] VGC 2025 Reg I (Bo3)", "players": ["vidhay", "mayorga9099"], "log": "|j|\u2606vidhay\n|j|\u2606mayorga9099\n|html|<table width=\"100%\"><tr><td align=\"left\">vidhay</td><td align=\"right\">mayorga9099</tr><tr><td align=\"left\"><i class=\"fa fa-circle-o\"></i> <i class=\"fa fa-circle-o\"></i> </td><td align=\"right\"><i class=\"fa fa-circle-o\"></i> <i class=\"fa fa-circle\"></i> </tr></table>\n|uhtml|bestof|<h2><strong>Game 2</strong> of <a href=\"/game-bestof3-gen9vgc2025regibo3-2353736111\">a best-of-3</a></h2>\n|t:|1745991276\n|gametype|doubles\n|player|p1|vidhay|169|1231\n|player|p2|mayorga9099|ethan|1101\n|teamsize|p1|6\n|teamsize|p2|6\n|gen|9\n|tier|[Gen 9] VGC 2025 Reg I (Bo3)\n|rated|\n|rule|Species Clause: Limit one of each Pok\u00e9mon\n|rule|Item Clause: Limit 1 of each item\n|clearpoke\n|poke|p1|Ditto, L50|\n|poke|p1|Calyrex-Shadow, L50|\n|poke|p1|Clefairy, L50, M|\n|poke|p1|Terapagos, L50, M|\n|poke|p1|Flutter Mane, L50|\n|poke|p1|Urshifu-*, L50, F|\n|poke|p2|Terapagos, L50, M|\n|poke|p2|Ho-Oh, L50|\n|poke|p2|Urshifu-*, L50, M|\n|poke|p2|Rillaboom, L50, F|\n|poke|p2|Toxapex, L50, F|\n|poke|p2|Flutter Mane, L50|\n|teampreview|4\n|showteam|p1|Ditto||ChoiceScarf|Imposter|Transform||||||50|,,,,,Stellar]Calyrex-Shadow||ChoiceSpecs|AsOneSpectrier|Psyshock,TeraBlast,DrainingKiss,AstralBarrage||||||50|,,,,,Stellar]Clefairy||Eviolite|FriendGuard|AfterYou,Protect,FollowMe,HelpingHand|||M|||50|,,,,,Steel]Terapagos||Leftovers|TeraShift|CalmMind,TeraStarstorm,Protect,EarthPower|||M|||50|,,,,,Stellar]Flutter Mane||BoosterEnergy|Protosynthesis|DazzlingGleam,ShadowBall,IcyWind,Protect||||||50|,,,,,Fairy]Urshifu||FocusSash|UnseenFist|WickedBlow,SuckerPunch,CloseCombat,Protect|||F|||50|,,,,,Dark\n|showteam|p2|Terapagos||Leftovers|TeraShift|TeraStarstorm,EarthPower,Substitute,Protect|||M|||50|,,,,,Stellar]Ho-Oh||SitrusBerry|Regenerator|SacredFire,BraveBird,Tailwind,Protect||||||50|,,,,,Grass]Urshifu||FocusSash|UnseenFist|WickedBlow,CloseCombat,SuckerPunch,Detect|||M|||50|,,,,,Ghost]Rillaboom||AssaultVest|GrassySurge|GrassyGlide,WoodHammer,HighHorsepower,FakeOut|||F|||50|,,,,,Fire]Toxapex||MentalHerb|Regenerator|Infestation,ToxicSpikes,WideGuard,BanefulBunker|||F|||50|,,,,,Poison]Flutter Mane||BoosterEnergy|Protosynthesis|Moonblast,IcyWind,ThunderWave,Protect||||||50|,,,,,Normal\n|inactive|Battle timer is ON: inactive players will automatically lose when time's up. (requested by vidhay)\n|\n|t:|1745991298\n|start\n|switch|p1a: Terapagos|Terapagos, L50, M|100/100\n|switch|p1b: Calyrex|Calyrex-Shadow, L50|100/100\n|switch|p2a: Flutter Mane|Flutter Mane, L50|100/100\n|switch|p2b: Urshifu|Urshifu, L50, M|100/100\n|-activate|p1a: Terapagos|ability: Tera Shift\n|detailschange|p1a: Terapagos|Terapagos-Terastal, L50, M\n|-heal|p1a: Terapagos|100/100|[silent]\n|-ability|p1b: Calyrex|As One\n|-ability|p1b: Calyrex|Unnerve\n|-enditem|p2a: Flutter Mane|Booster Energy\n|-activate|p2a: Flutter Mane|ability: Protosynthesis|[fromitem]\n|-start|p2a: Flutter Mane|protosynthesisspe\n|turn|1\n|\n|t:|1745991322\n|-terastallize|p1a: Terapagos|Stellar\n|detailschange|p1a: Terapagos|Terapagos-Stellar, L50, M, tera:Stellar\n|-heal|p1a: Terapagos|100/100|[silent]\n|move|p2b: Urshifu|Sucker Punch|p1b: Calyrex\n|-supereffective|p1b: Calyrex\n|-damage|p1b: Calyrex|0 fnt\n|faint|p1b: Calyrex\n|move|p2a: Flutter Mane|Thunder Wave|p1a: Terapagos\n|-status|p1a: Terapagos|par\n|cant|p1a: Terapagos|par\n|\n|upkeep\n|-message|vidhay forfeited.\n|\n|win|mayorga9099\n|raw|vidhay's rating: 1231 &rarr; <strong>1197</strong><br />(-34 for losing)\n|raw|mayorga9099's rating: 1101 &rarr; <strong>1135</strong><br />(+34 for winning)\n|l|\u2606vidhay\n|player|p1|\n|c|\u2606mayorga9099|Lol\n|c|\u2606mayorga9099|Sorry bro!!\n|l|\u2606mayorga9099\n|player|p2|\n", "uploadtime": 1745991726, "views": 22, "formatid": "gen9vgc2025regibo3", "rating": 1135, "private": 0, "password": null}