{"id": "gen9vgc2025regibo3-2354001820", "format": "[Gen 9] VGC 2025 Reg I (Bo3)", "players": ["DrXJ13", "flippertv"], "log": "|j|\u2606DrXJ13\n|j|\u2606flippertv\n|html|<table width=\"100%\"><tr><td align=\"left\">DrXJ13</td><td align=\"right\">flippertv</tr><tr><td align=\"left\"><i class=\"fa fa-circle\"></i> <i class=\"fa fa-circle-o\"></i> </td><td align=\"right\"><i class=\"fa fa-circle-o\"></i> <i class=\"fa fa-circle-o\"></i> </tr></table>\n|uhtml|bestof|<h2><strong>Game 2</strong> of <a href=\"/game-bestof3-gen9vgc2025regibo3-2353998572\">a best-of-3</a></h2>\n|t:|1746026481\n|gametype|doubles\n|player|p1|DrXJ13|clair|1085\n|player|p2|flippertv|266|1106\n|teamsize|p1|6\n|teamsize|p2|6\n|gen|9\n|tier|[Gen 9] VGC 2025 Reg I (Bo3)\n|rated|\n|rule|Species Clause: Limit one of each Pok\u00e9mon\n|rule|Item Clause: Limit 1 of each item\n|clearpoke\n|poke|p1|Koraidon, L50|\n|poke|p1|Jumpluff, L50, M|\n|poke|p1|Porygon2, L50|\n|poke|p1|Ursaluna, L50, F|\n|poke|p1|Palkia, L50|\n|poke|p1|Incineroar, L50, F|\n|poke|p2|Lunala, L50|\n|poke|p2|Koraidon, L50|\n|poke|p2|Brute Bonnet, L50|\n|poke|p2|Chi-Yu, L50|\n|poke|p2|Comfey, L50, M|\n|poke|p2|Landorus-Therian, L50, M|\n|teampreview|4\n|showteam|p1|Koraidon||LifeOrb|OrichalcumPulse|FlameCharge,FlareBlitz,CloseCombat,Protect||||||50|,,,,,Fire]Jumpluff||CovertCloak|Chlorophyll|Tailwind,SleepPowder,SunnyDay,RagePowder|||M|||50|,,,,,Dark]Porygon2||Eviolite|Download|IceBeam,TeraBlast,TrickRoom,Recover||||||50|,,,,,Poison]Ursaluna||FlameOrb|Guts|Facade,HeadlongRush,Earthquake,Protect|||F|||50|,,,,,Ghost]Palkia||LustrousOrb|Telepathy|SpacialRend,Flamethrower,TrickRoom,Protect||||||50|,,,,,Fire]Incineroar||SafetyGoggles|Intimidate|FakeOut,FlareBlitz,KnockOff,PartingShot|||F|||50|,,,,,Ghost\n|showteam|p2|Lunala||PowerHerb|ShadowShield|MeteorBeam,Moonblast,MoongeistBeam,WideGuard||||||50|,,,,,Fairy]Koraidon||ClearAmulet|OrichalcumPulse|FlameCharge,FlareBlitz,Protect,CollisionCourse||||||50|,,,,,Fire]Brute Bonnet||BoosterEnergy|Protosynthesis|Spore,RagePowder,SeedBomb,SuckerPunch||||||50|,,,,,Bug]Chi-Yu||ChoiceScarf|BeadsofRuin|TeraBlast,Snarl,HeatWave,DarkPulse||||||50|,,,,,Ground]Comfey||RockyHelmet|Triage|GigaDrain,FloralHealing,Protect,Tailwind|||M|||50|,,,,,Steel]Landorus-Therian||AssaultVest|Intimidate|RockSlide,StompingTantrum,BrickBreak,TeraBlast|||M|||50|,,,,,Flying\n|inactive|Battle timer is ON: inactive players will automatically lose when time's up. (requested by DrXJ13)\n|\n|t:|1746026510\n|start\n|switch|p1a: Jalape\u00f1o|Jumpluff, L50, M|100/100\n|switch|p1b: Koraidon|Koraidon, L50|100/100\n|switch|p2a: Landorus|Landorus-Therian, L50, M|100/100\n|switch|p2b: Lunala|Lunala, L50|100/100\n|-weather|SunnyDay|[from] ability: Orichalcum Pulse|[of] p1b: Koraidon\n|-activate|p1b: Koraidon|Orichalcum Pulse|[source]\n|-ability|p2a: Landorus|Intimidate|boost\n|-unboost|p1a: Jalape\u00f1o|atk|1\n|-unboost|p1b: Koraidon|atk|1\n|turn|1\n|\n|t:|1746026529\n|-terastallize|p2a: Landorus|Flying\n|move|p1a: Jalape\u00f1o|Sleep Powder|p2b: Lunala\n|-status|p2b: Lunala|slp|[from] move: Sleep Powder\n|move|p1b: Koraidon|Flame Charge|p2b: Lunala\n|-damage|p2b: Lunala|88/100 slp\n|-boost|p1b: Koraidon|spe|1\n|-damage|p1b: Koraidon|91/100|[from] item: Life Orb\n|move|p2a: Landorus|Tera Blast|p1a: Jalape\u00f1o|[anim] Tera Blast Flying\n|-supereffective|p1a: Jalape\u00f1o\n|-damage|p1a: Jalape\u00f1o|0 fnt\n|faint|p1a: Jalape\u00f1o\n|cant|p2b: Lunala|slp\n|\n|-weather|SunnyDay|[upkeep]\n|upkeep\n|\n|t:|1746026546\n|switch|p1a: Palkia|Palkia, L50|100/100\n|turn|2\n|\n|t:|1746026554\n|switch|p2a: Comfey|Comfey, L50, M|100/100\n|move|p1b: Koraidon|Flare Blitz|p2a: Comfey\n|-damage|p2a: Comfey|15/100\n|-damage|p1b: Koraidon|74/100|[from] item: Rocky Helmet|[of] p2a: Comfey\n|-damage|p1b: Koraidon|48/100|[from] Recoil\n|-damage|p1b: Koraidon|39/100|[from] item: Life Orb\n|move|p1a: Palkia|Flamethrower|p2b: Lunala\n|-damage|p2b: Lunala|55/100 slp\n|-curestatus|p2b: Lunala|slp|[msg]\n|move|p2b: Lunala|Meteor Beam||[still]\n|-prepare|p2b: Lunala|Meteor Beam\n|-boost|p2b: Lunala|spa|1\n|-enditem|p2b: Lunala|Power Herb\n|-anim|p2b: Lunala|Meteor Beam|p1b: Koraidon\n|-resisted|p1b: Koraidon\n|-damage|p1b: Koraidon|6/100\n|\n|-weather|SunnyDay|[upkeep]\n|upkeep\n|turn|3\n|inactive|DrXJ13 has 30 seconds left.\n|inactive|flippertv has 30 seconds left.\n|\n|t:|1746026583\n|move|p2a: Comfey|Giga Drain|p1b: Koraidon\n|-resisted|p1b: Koraidon\n|-damage|p1b: Koraidon|0 fnt\n|-heal|p2a: Comfey|18/100|[from] drain|[of] p1b: Koraidon\n|faint|p1b: Koraidon\n|move|p1a: Palkia|Flamethrower|p2a: Comfey\n|-damage|p2a: Comfey|0 fnt\n|faint|p2a: Comfey\n|move|p2b: Lunala|Moonblast|p1a: Palkia\n|-supereffective|p1a: Palkia\n|-damage|p1a: Palkia|17/100\n|\n|-weather|SunnyDay|[upkeep]\n|upkeep\n|\n|t:|1746026601\n|switch|p1b: Chorizo|Incineroar, L50, F|100/100\n|switch|p2a: Landorus|Landorus-Therian, L50, M, tera:Flying|100/100\n|-ability|p2a: Landorus|Intimidate|boost\n|-unboost|p1a: Palkia|atk|1\n|-unboost|p1b: Chorizo|atk|1\n|-ability|p1b: Chorizo|Intimidate|boost\n|-unboost|p2a: Landorus|atk|1\n|-unboost|p2b: Lunala|atk|1\n|turn|4\n|\n|t:|1746026614\n|-terastallize|p1a: Palkia|Fire\n|move|p1b: Chorizo|Fake Out|p2a: Landorus\n|-damage|p2a: Landorus|93/100\n|move|p1a: Palkia|Flamethrower|p2b: Lunala\n|-damage|p2b: Lunala|0 fnt\n|faint|p2b: Lunala\n|cant|p2a: Landorus|flinch\n|\n|-weather|SunnyDay|[upkeep]\n|upkeep\n|\n|t:|1746026626\n|switch|p2b: Koraidon|Koraidon, L50|100/100\n|-activate|p2b: Koraidon|ability: Orichalcum Pulse\n|turn|5\n|\n|t:|1746026634\n|move|p2b: Koraidon|Collision Course|p1a: Palkia\n|-damage|p1a: Palkia|0 fnt\n|faint|p1a: Palkia\n|move|p2a: Landorus|Stomping Tantrum|p1b: Chorizo\n|-supereffective|p1b: Chorizo\n|-damage|p1b: Chorizo|0 fnt\n|faint|p1b: Chorizo\n|\n|win|flippertv\n||DrXJ13 is ready for game 3.\n|inactive|flippertv has 30 seconds to confirm battle start!\n||flippertv is ready for game 3.\n|uhtml|next|Next: <a href=\"/battle-gen9vgc2025regibo3-2354003699\"><strong>Game 3 of 3</strong></a>\n", "uploadtime": 1746026798, "views": 7, "formatid": "gen9vgc2025regibo3", "rating": null, "private": 0, "password": null}