{"id": "gen9vgc2025regibo3-2354791615", "format": "[Gen 9] VGC 2025 Reg I (Bo3)", "players": ["scndcbvb", "Chill3d1"], "log": "|j|\u2606scndcbvb\n|j|\u2606Chill3d1\n|html|<table width=\"100%\"><tr><td align=\"left\">scndcbvb</td><td align=\"right\">Chill3d1</tr><tr><td align=\"left\"><i class=\"fa fa-circle-o\"></i> <i class=\"fa fa-circle-o\"></i> </td><td align=\"right\"><i class=\"fa fa-circle-o\"></i> <i class=\"fa fa-circle-o\"></i> </tr></table>\n|uhtml|bestof|<h2><strong>Game 1</strong> of <a href=\"/game-bestof3-gen9vgc2025regibo3-2354791614\">a best-of-3</a></h2>\n|t:|1746120112\n|gametype|doubles\n|player|p1|scndcbvb|dragontamer|1009\n|player|p2|Chill3d1|170|1051\n|teamsize|p1|6\n|teamsize|p2|6\n|gen|9\n|tier|[Gen 9] VGC 2025 Reg I (Bo3)\n|rated|\n|rule|Species Clause: Limit one of each Pok\u00e9mon\n|rule|Item Clause: Limit 1 of each item\n|clearpoke\n|poke|p1|Kyogre, L50|\n|poke|p1|Archaludon, L50, M|\n|poke|p1|Quaquaval, L50, F|\n|poke|p1|Miraidon, L50|\n|poke|p1|Tornadus, L50, M|\n|poke|p1|Incineroar, L50, M|\n|poke|p2|Calyrex-Ice, L50|\n|poke|p2|Ogerpon-Cornerstone, L50, F|\n|poke|p2|Indeedee-F, L50, F|\n|poke|p2|Necrozma-Dawn-Wings, L50|\n|poke|p2|Ursaluna-Bloodmoon, L50, M|\n|poke|p2|Urshifu-*, L50, F|\n|teampreview|4\n|showteam|p1|Kyogre||ChoiceSpecs|Drizzle|OriginPulse,IceBeam,WaterSpout,Thunder||||||50|,,,,,Steel]Archaludon||AssaultVest|Stamina|FlashCannon,BodyPress,ElectroShot,DracoMeteor|||M|||50|,,,,,Electric]Quaquaval||ChoiceBand|Moxie|AquaStep,CloseCombat,BraveBird,Uturn|||F|||50|,,,,,Water]Miraidon||LifeOrb|HadronEngine|ElectroDrift,DazzlingGleam,DracoMeteor,VoltSwitch||||||50|,,,,,Electric]Tornadus||FocusSash|Prankster|Tailwind,Taunt,SludgeBomb,FoulPlay|||M|||50|,,,,,Flying]Incineroar||EjectButton|Intimidate|FakeOut,KnockOff,Taunt,FlareBlitz|||M|||50|,,,,,Fire\n|showteam|p2|Calyrex-Ice||ClearAmulet|AsOneGlastrier|GlacialLance,CloseCombat,TrickRoom,Protect||||||50|,,,,,Fire]Ogerpon-Cornerstone||CornerstoneMask|Sturdy|WoodHammer,IvyCudgel,FollowMe,SpikyShield|||F|||50|,,,,,Rock]Indeedee-F||PsychicSeed|PsychicSurge|AlluringVoice,HelpingHand,FollowMe,TrickRoom|||F|||50|,,,,,Fairy]Necrozma-Dawn-Wings||PowerHerb|PrismArmor|MoongeistBeam,MeteorBeam,ExpandingForce,TrickRoom||||||50|,,,,,Water]Ursaluna-Bloodmoon||SilkScarf|MindsEye|HyperVoice,BloodMoon,EarthPower,Protect|||M|||50|,,,,,Normal]Urshifu-Rapid-Strike||ChoiceScarf|UnseenFist|SurgingStrikes,AquaJet,Uturn,CloseCombat|||F|||50|,,,,,Water\n|\n|t:|1746120142\n|start\n|switch|p1a: Tornadus|Tornadus, L50, M|100/100\n|switch|p1b: Kyogre|Kyogre, L50, shiny|100/100\n|switch|p2a: Indeedee|Indeedee-F, L50, F|100/100\n|switch|p2b: Calyrex|Calyrex-Ice, L50|100/100\n|-ability|p2b: Calyrex|As One\n|-ability|p2b: Calyrex|Unnerve\n|-weather|RainDance|[from] ability: Drizzle|[of] p1b: Kyogre\n|-fieldstart|move: Psychic Terrain|[from] ability: Psychic Surge|[of] p2a: Indeedee\n|-enditem|p2a: Indeedee|Psychic Seed\n|-boost|p2a: Indeedee|spd|1|[from] item: Psychic Seed\n|turn|1\n|inactive|Battle timer is ON: inactive players will automatically lose when time's up. (requested by Chill3d1)\n|inactive|scndcbvb has 60 seconds left.\n|inactive|scndcbvb has 30 seconds left.\n|inactive|scndcbvb has 20 seconds left.\n|inactive|scndcbvb has 15 seconds left.\n|inactive|scndcbvb has 10 seconds left.\n|inactive|scndcbvb has 5 seconds left.\n|\n|t:|1746120263\n|move|p2b: Calyrex|Protect|p2b: Calyrex\n|-singleturn|p2b: Calyrex|Protect\n|move|p1a: Tornadus|Tailwind|p1a: Tornadus\n|-sidestart|p1: scndcbvb|move: Tailwind\n|move|p1b: Kyogre|Origin Pulse|p2b: Calyrex|[spread] p2a\n|-activate|p2b: Calyrex|move: Protect\n|-damage|p2a: Indeedee|20/100\n|move|p2a: Indeedee|Trick Room|p2a: Indeedee\n|-fieldstart|move: Trick Room|[of] p2a: Indeedee\n|\n|-weather|RainDance|[upkeep]\n|upkeep\n|turn|2\n|inactive|scndcbvb has 30 seconds left.\n|inactive|scndcbvb has 20 seconds left.\n|inactive|scndcbvb has 15 seconds left.\n|inactive|scndcbvb has 10 seconds left.\n|inactive|scndcbvb has 5 seconds left.\n|\n|t:|1746120318\n|move|p2a: Indeedee|Helping Hand|p2b: Calyrex\n|-singleturn|p2b: Calyrex|Helping Hand|[of] p2a: Indeedee\n|move|p1a: Tornadus|Tailwind||[still]\n|-fail|p1a: Tornadus\n|move|p2b: Calyrex|Close Combat|p1b: Kyogre\n|-damage|p1b: Kyogre|25/100\n|-unboost|p2b: Calyrex|def|1\n|-unboost|p2b: Calyrex|spd|1\n|move|p1b: Kyogre|Origin Pulse|p2a: Indeedee|[spread] p2a,p2b\n|-damage|p2a: Indeedee|0 fnt\n|-damage|p2b: Calyrex|0 fnt\n|faint|p2a: Indeedee\n|faint|p2b: Calyrex\n|\n|-weather|RainDance|[upkeep]\n|upkeep\n|\n|t:|1746120326\n|switch|p2b: Ursaluna|Ursaluna-Bloodmoon, L50, M|100/100\n|switch|p2a: Necrozma|Necrozma-Dawn-Wings, L50|100/100\n|turn|3\n|inactive|scndcbvb has 30 seconds left.\n|inactive|scndcbvb has 20 seconds left.\n|inactive|scndcbvb has 15 seconds left.\n|inactive|scndcbvb has 10 seconds left.\n|inactive|scndcbvb has 5 seconds left.\n|\n|t:|1746120381\n|move|p1a: Tornadus|Tailwind||[still]\n|-fail|p1a: Tornadus\n|move|p2a: Necrozma|Expanding Force|p1a: Tornadus|[spread] p1a,p1b\n|-damage|p1a: Tornadus|22/100\n|-damage|p1b: Kyogre|0 fnt\n|faint|p1b: Kyogre\n|move|p2b: Ursaluna|Hyper Voice|p1a: Tornadus\n|-damage|p1a: Tornadus|0 fnt\n|faint|p1a: Tornadus\n|\n|-weather|RainDance|[upkeep]\n|upkeep\n|-message|Chill3d1 forfeited.\n|raw|scndcbvb's rating: 1009 &rarr; <strong>1052</strong><br />(+43 for winning)\n|raw|Chill3d1's rating: 1051 &rarr; <strong>1031</strong><br />(-20 for losing)\n|\n|win|scndcbvb\n|l|\u2606Chill3d1\n|player|p2|\n|l|\u2606scndcbvb\n|player|p1|\n", "uploadtime": 1746120706, "views": 5, "formatid": "gen9vgc2025regibo3", "rating": 1031, "private": 0, "password": null}