{"id": "gen9vgc2025regibo3-2354116776", "format": "[Gen 9] VGC 2025 Reg I (Bo3)", "players": ["eralith37", "thebaddestbitchout"], "log": "|j|\u2606eralith37\n|j|\u2606thebaddestbitchout\n|html|<table width=\"100%\"><tr><td align=\"left\">eralith37</td><td align=\"right\">thebaddestbitchout</tr><tr><td align=\"left\"><i class=\"fa fa-circle-o\"></i> <i class=\"fa fa-circle-o\"></i> </td><td align=\"right\"><i class=\"fa fa-circle-o\"></i> <i class=\"fa fa-circle\"></i> </tr></table>\n|uhtml|bestof|<h2><strong>Game 2</strong> of <a href=\"/game-bestof3-gen9vgc2025regibo3-2354113988\">a best-of-3</a></h2>\n|t:|1746036283\n|gametype|doubles\n|player|p1|eralith37|backersf|1239\n|player|p2|thebaddestbitchout|102|1231\n|teamsize|p1|6\n|teamsize|p2|6\n|gen|9\n|tier|[Gen 9] VGC 2025 Reg I (Bo3)\n|rated|\n|rule|Species Clause: Limit one of each Pok\u00e9mon\n|rule|Item Clause: Limit 1 of each item\n|clearpoke\n|poke|p1|Lunala, L50|\n|poke|p1|Koraidon, L50|\n|poke|p1|Indeedee-F, L50, F|\n|poke|p1|Flutter Mane, L50|\n|poke|p1|Brute Bonnet, L50|\n|poke|p1|Chi-Yu, L50|\n|poke|p2|Zacian-*, L50|\n|poke|p2|Koraidon, L50|\n|poke|p2|Walking Wake, L50|\n|poke|p2|Ogerpon-Cornerstone, L50, F|\n|poke|p2|Thundurus, L50, M|\n|poke|p2|Kingambit, L50, F|\n|teampreview|4\n|showteam|p1|Lunala||PowerHerb|ShadowShield|MoongeistBeam,MeteorBeam,ExpandingForce,WideGuard||||||50|,,,,,Water]Koraidon||LifeOrb|OrichalcumPulse|CloseCombat,FlareBlitz,FlameCharge,Protect||||||50|,,,,,Fire]Indeedee-F||PsychicSeed|PsychicSurge|AlluringVoice,FollowMe,HelpingHand,TrickRoom|||F|||50|,,,,,Water]Flutter Mane||FocusSash|Protosynthesis|Moonblast,ShadowBall,IcyWind,Protect||||||50|,,,,,Normal]Brute Bonnet||RockyHelmet|Protosynthesis|SeedBomb,SuckerPunch,Spore,RagePowder||||||50|,,,,,Water]Chi-Yu||ChoiceScarf|BeadsofRuin|HeatWave,Overheat,DarkPulse,Snarl||||||50|,,,,,Fire\n|showteam|p2|Zacian-Crowned||RustedSword|IntrepidSword|behemothblade,PlayRough,Substitute,Protect||||||50|,,,,,Dragon]Koraidon||ClearAmulet|OrichalcumPulse|FlareBlitz,FlameCharge,CollisionCourse,Protect||||||50|,,,,,Fire]Walking Wake||LifeOrb|Protosynthesis|HydroSteam,DracoMeteor,Snarl,Protect||||||50|,,,,,Water]Ogerpon-Cornerstone||CornerstoneMask|Sturdy|IvyCudgel,SpikyShield,PowerWhip,FollowMe|||F|||50|,,,,,Rock]Thundurus||SitrusBerry|Prankster|WildboltStorm,EerieImpulse,Leer,ThunderWave|||M|||50|,,,,,Electric]Kingambit||AssaultVest|Defiant|KowtowCleave,LowKick,IronHead,SuckerPunch|||F|||50|,,,,,Water\n|inactive|Battle timer is ON: inactive players will automatically lose when time's up. (requested by eralith37)\n|\n|t:|1746036311\n|start\n|switch|p1a: Koraidon|Koraidon, L50|100/100\n|switch|p1b: Flutter Mane|Flutter Mane, L50|100/100\n|switch|p2a: Koraidon|Koraidon, L50|100/100\n|switch|p2b: Ogerpon|Ogerpon-Cornerstone, L50, F|100/100\n|-weather|SunnyDay|[from] ability: Orichalcum Pulse|[of] p1a: Koraidon\n|-activate|p1b: Flutter Mane|ability: Protosynthesis\n|-start|p1b: Flutter Mane|protosynthesisspe\n|-activate|p1a: Koraidon|Orichalcum Pulse|[source]\n|-activate|p2a: Koraidon|ability: Orichalcum Pulse\n|turn|1\n|inactive|eralith37 has 30 seconds left.\n|inactive|eralith37 has 20 seconds left.\n|inactive|eralith37 has 15 seconds left.\n|inactive|eralith37 has 10 seconds left.\n|inactive|thebaddestbitchout has 30 seconds left.\n|\n|t:|1746036363\n|switch|p1a: Lunala|Lunala, L50|100/100\n|move|p1b: Flutter Mane|Protect|p1b: Flutter Mane\n|-singleturn|p1b: Flutter Mane|Protect\n|move|p2b: Ogerpon|Follow Me|p2b: Ogerpon\n|-singleturn|p2b: Ogerpon|move: Follow Me\n|move|p2a: Koraidon|Flame Charge|p1a: Lunala\n|-crit|p1a: Lunala\n|-damage|p1a: Lunala|77/100\n|-boost|p2a: Koraidon|spe|1\n|\n|-weather|SunnyDay|[upkeep]\n|upkeep\n|turn|2\n|inactive|eralith37 has 30 seconds left.\n|inactive|thebaddestbitchout has 30 seconds left.\n|inactive|thebaddestbitchout has 20 seconds left.\n|inactive|eralith37 has 20 seconds left.\n|inactive|thebaddestbitchout has 15 seconds left.\n|inactive|eralith37 has 15 seconds left.\n|\n|t:|1746036412\n|move|p2b: Ogerpon|Follow Me|p2b: Ogerpon\n|-singleturn|p2b: Ogerpon|move: Follow Me\n|move|p1b: Flutter Mane|Moonblast|p2b: Ogerpon\n|-damage|p2b: Ogerpon|42/100\n|move|p2a: Koraidon|Flame Charge|p1b: Flutter Mane\n|-damage|p1b: Flutter Mane|17/100\n|-boost|p2a: Koraidon|spe|1\n|move|p1a: Lunala|Meteor Beam||[still]\n|-prepare|p1a: Lunala|Meteor Beam\n|-boost|p1a: Lunala|spa|1\n|-enditem|p1a: Lunala|Power Herb\n|-anim|p1a: Lunala|Meteor Beam|p2b: Ogerpon\n|-crit|p2b: Ogerpon\n|-damage|p2b: Ogerpon|0 fnt\n|faint|p2b: Ogerpon\n|\n|-weather|SunnyDay|[upkeep]\n|upkeep\n|\n|t:|1746036425\n|switch|p2b: Zacian|Zacian-Crowned, L50|100/100\n|-ability|p2b: Zacian|Intrepid Sword|boost\n|-boost|p2b: Zacian|atk|1\n|turn|3\n|inactive|eralith37 has 30 seconds left.\n|inactive|thebaddestbitchout has 30 seconds left.\n|inactive|eralith37 has 20 seconds left.\n|inactive|eralith37 has 15 seconds left.\n|\n|t:|1746036465\n|-terastallize|p2a: Koraidon|Fire\n|-terastallize|p1a: Lunala|Water\n|move|p2a: Koraidon|Flame Charge|p1b: Flutter Mane\n|-damage|p1b: Flutter Mane|0 fnt\n|-boost|p2a: Koraidon|spe|1\n|faint|p1b: Flutter Mane\n|-end|p1b: Flutter Mane|Protosynthesis|[silent]\n|move|p2b: Zacian|Behemoth Blade|p1a: Lunala\n|-resisted|p1a: Lunala\n|-crit|p1a: Lunala\n|-damage|p1a: Lunala|17/100\n|move|p1a: Lunala|Expanding Force|p2a: Koraidon\n|-damage|p2a: Koraidon|41/100\n|\n|-weather|SunnyDay|[upkeep]\n|upkeep\n|\n|t:|1746036482\n|switch|p1b: Indeedee|Indeedee-F, L50, F|100/100\n|-fieldstart|move: Psychic Terrain|[from] ability: Psychic Surge|[of] p1b: Indeedee\n|-enditem|p1b: Indeedee|Psychic Seed\n|-boost|p1b: Indeedee|spd|1|[from] item: Psychic Seed\n|turn|4\n|inactive|thebaddestbitchout has 30 seconds left.\n|inactive|thebaddestbitchout has 20 seconds left.\n|inactive|eralith37 has 30 seconds left.\n|\n|t:|1746036526\n|move|p2a: Koraidon|Flare Blitz|p1b: Indeedee\n|-damage|p1b: Indeedee|0 fnt\n|faint|p1b: Indeedee\n|-damage|p2a: Koraidon|13/100|[from] Recoil\n|move|p2b: Zacian|Behemoth Blade|p1a: Lunala\n|-resisted|p1a: Lunala\n|-damage|p1a: Lunala|0 fnt\n|faint|p1a: Lunala\n|\n|-weather|SunnyDay|[upkeep]\n|upkeep\n|\n|t:|1746036532\n|switch|p1b: Koraidon|Koraidon, L50|100/100\n|-activate|p1b: Koraidon|ability: Orichalcum Pulse\n|turn|5\n|\n|t:|1746036544\n|move|p2a: Koraidon|Collision Course|p1b: Koraidon\n|-damage|p1b: Koraidon|36/100\n|move|p2b: Zacian|Play Rough|p1b: Koraidon\n|-supereffective|p1b: Koraidon\n|-damage|p1b: Koraidon|0 fnt\n|faint|p1b: Koraidon\n|\n|win|thebaddestbitchout\n|raw|eralith37's rating: 1239 &rarr; <strong>1213</strong><br />(-26 for losing)\n|raw|thebaddestbitchout's rating: 1231 &rarr; <strong>1257</strong><br />(+26 for winning)\n|l|\u2606eralith37\n|player|p1|\n|l|\u2606thebaddestbitchout\n|player|p2|\n", "uploadtime": 1746036738, "views": 12, "formatid": "gen9vgc2025regibo3", "rating": 1213, "private": 0, "password": null}