{"id": "gen9vgc2025regibo3-2354368553", "format": "[Gen 9] VGC 2025 Reg I (Bo3)", "players": ["warriorooyt", "boom246"], "log": "|j|\u2606warriorooyt\n|j|\u2606boom246\n|html|<table width=\"100%\"><tr><td align=\"left\">warriorooyt</td><td align=\"right\">boom246</tr><tr><td align=\"left\"><i class=\"fa fa-circle-o\"></i> <i class=\"fa fa-circle-o\"></i> </td><td align=\"right\"><i class=\"fa fa-circle-o\"></i> <i class=\"fa fa-circle-o\"></i> </tr></table>\n|uhtml|bestof|<h2><strong>Game 1</strong> of <a href=\"/game-bestof3-gen9vgc2025regibo3-2354368552\">a best-of-3</a></h2>\n|t:|1746062804\n|gametype|doubles\n|player|p1|warriorooyt|169|1110\n|player|p2|boom246|1|1036\n|teamsize|p1|6\n|teamsize|p2|6\n|gen|9\n|tier|[Gen 9] VGC 2025 Reg I (Bo3)\n|rated|\n|rule|Species Clause: Limit one of each Pok\u00e9mon\n|rule|Item Clause: Limit 1 of each item\n|clearpoke\n|poke|p1|Kyogre, L50|\n|poke|p1|Archaludon, L50, M|\n|poke|p1|Calyrex-Ice, L50|\n|poke|p1|Indeedee-F, L50, F|\n|poke|p1|Armarouge, L50, F|\n|poke|p1|Smeargle, L50, M|\n|poke|p2|Calyrex-Ice, L50|\n|poke|p2|Urshifu-*, L50, F|\n|poke|p2|Flutter Mane, L50|\n|poke|p2|Raging Bolt, L50|\n|poke|p2|Groudon, L50|\n|poke|p2|Cresselia, L50, F|\n|teampreview|4\n|showteam|p1|Kyogre||ChoiceScarf|Drizzle|WaterSpout,OriginPulse,IceBeam,Thunder||||||50|,,,,,Water]Archaludon||AssaultVest|Stamina|DarkPulse,DracoMeteor,ElectroShot,FlashCannon|||M|||50|,,,,,Flying]Calyrex-Ice||NeverMeltIce|AsOneGlastrier|GlacialLance,HighHorsepower,TrickRoom,Protect||||||50|,,,,,Water]Indeedee-F||SitrusBerry|PsychicSurge|TrickRoom,FollowMe,HelpingHand,Psychic|||F|||50|,,,,,Grass]Armarouge||LifeOrb|FlashFire|ExpandingForce,ArmorCannon,Protect,DarkPulse|||F|||50|,,,,,Fire]Smeargle||FocusSash|Moody|FollowMe,WideGuard,Tailwind,FakeOut|||M|||50|,,,,,Ghost\n|showteam|p2|Calyrex-Ice||ClearAmulet|AsOneGlastrier|GlacialLance,TrickRoom,HighHorsepower,Protect||||||50|,,,,,Normal]Urshifu-Rapid-Strike||MysticWater|UnseenFist|CloseCombat,Detect,SurgingStrikes,AquaJet|||F|||50|,,,,,Water]Flutter Mane||BoosterEnergy|Protosynthesis|ShadowBall,Moonblast,Protect,IcyWind||||||50|,,,,,Fairy]Raging Bolt||AssaultVest|Protosynthesis|Thunderclap,Thunderbolt,Snarl,DracoMeteor||||||50|,,,,,Dark]Groudon||LifeOrb|Drought|PrecipiceBlades,HighHorsepower,Protect,HeatCrash||||||50|,,,,,Fire]Cresselia||Leftovers|Levitate|TrickRoom,Gravity,LunarBlessing,IcyWind|||F|||50|,,,,,Water\n|inactive|Battle timer is ON: inactive players will automatically lose when time's up. (requested by boom246)\n|\n|t:|1746062923\n|start\n|switch|p1a: Calyrex|Calyrex-Ice, L50|100/100\n|switch|p1b: Indeedee|Indeedee-F, L50, F|100/100\n|switch|p2a: Raging Bolt|Raging Bolt, L50|100/100\n|switch|p2b: Calyrex|Calyrex-Ice, L50|100/100\n|-ability|p2b: Calyrex|As One\n|-ability|p2b: Calyrex|Unnerve\n|-ability|p1a: Calyrex|As One\n|-ability|p1a: Calyrex|Unnerve\n|-fieldstart|move: Psychic Terrain|[from] ability: Psychic Surge|[of] p1b: Indeedee\n|turn|1\n|inactive|boom246 has 30 seconds left.\n|inactive|boom246 has 20 seconds left.\n|inactive|boom246 has 15 seconds left.\n|inactive|boom246 has 10 seconds left.\n|\n|t:|1746062968\n|move|p2a: Raging Bolt|Snarl|p1a: Calyrex|[spread] p1a,p1b\n|-supereffective|p1a: Calyrex\n|-supereffective|p1b: Indeedee\n|-damage|p1a: Calyrex|75/100\n|-damage|p1b: Indeedee|78/100\n|-unboost|p1a: Calyrex|spa|1\n|-unboost|p1b: Indeedee|spa|1\n|move|p2b: Calyrex|Glacial Lance|p1b: Indeedee|[spread] p1a,p1b\n|-resisted|p1a: Calyrex\n|-damage|p1a: Calyrex|62/100\n|-damage|p1b: Indeedee|11/100\n|move|p1a: Calyrex|Glacial Lance|p2b: Calyrex|[spread] p2a,p2b\n|-supereffective|p2a: Raging Bolt\n|-resisted|p2b: Calyrex\n|-damage|p2a: Raging Bolt|0 fnt\n|-damage|p2b: Calyrex|83/100\n|faint|p2a: Raging Bolt\n|-end|p2a: Raging Bolt|Protosynthesis|[silent]\n|-ability|p1a: Calyrex|Chilling Neigh|boost\n|-boost|p1a: Calyrex|atk|1\n|move|p1b: Indeedee|Trick Room|p1b: Indeedee\n|-fieldstart|move: Trick Room|[of] p1b: Indeedee\n|\n|upkeep\n|\n|t:|1746062987\n|switch|p2a: Cresselia|Cresselia, L50, F|100/100\n|turn|2\n|\n|t:|1746062996\n|move|p1b: Indeedee|Helping Hand|p1a: Calyrex\n|-singleturn|p1a: Calyrex|Helping Hand|[of] p1b: Indeedee\n|move|p1a: Calyrex|Glacial Lance|p2a: Cresselia|[spread] p2a,p2b\n|-resisted|p2b: Calyrex\n|-damage|p2a: Cresselia|0 fnt\n|-damage|p2b: Calyrex|43/100\n|faint|p2a: Cresselia\n|-ability|p1a: Calyrex|Chilling Neigh|boost\n|-boost|p1a: Calyrex|atk|1\n|move|p2b: Calyrex|Glacial Lance|p1b: Indeedee|[spread] p1a,p1b\n|-resisted|p1a: Calyrex\n|-damage|p1a: Calyrex|47/100\n|-damage|p1b: Indeedee|0 fnt\n|faint|p1b: Indeedee\n|-ability|p2b: Calyrex|Chilling Neigh|boost\n|-boost|p2b: Calyrex|atk|1\n|\n|upkeep\n|\n|t:|1746063012\n|switch|p1b: Armarouge|Armarouge, L50, F|100/100\n|switch|p2a: Groudon|Groudon, L50|100/100\n|-weather|SunnyDay|[from] ability: Drought|[of] p2a: Groudon\n|turn|3\n|\n|t:|1746063032\n|-terastallize|p1a: Calyrex|Water\n|-terastallize|p2a: Groudon|Fire\n|move|p1a: Calyrex|Glacial Lance|p2a: Groudon|[spread] p2a,p2b\n|-resisted|p2a: Groudon\n|-resisted|p2b: Calyrex\n|-damage|p2a: Groudon|57/100\n|-damage|p2b: Calyrex|11/100\n|move|p2b: Calyrex|High Horsepower|p1b: Armarouge\n|-supereffective|p1b: Armarouge\n|-damage|p1b: Armarouge|8/100\n|move|p1b: Armarouge|Expanding Force|p2b: Calyrex|[spread] p2a,p2b\n|-resisted|p2b: Calyrex\n|-damage|p2a: Groudon|0 fnt\n|-damage|p2b: Calyrex|0 fnt\n|faint|p2a: Groudon\n|faint|p2b: Calyrex\n|-damage|p1b: Armarouge|0 fnt|[from] item: Life Orb\n|faint|p1b: Armarouge\n|\n|win|warriorooyt\n|inactive|warriorooyt has 30 seconds to confirm battle start!\n|inactive|boom246 has 30 seconds to confirm battle start!\n||warriorooyt is ready for game 2.\n|inactive|boom246 has 20 seconds to confirm battle start!\n|l|\u2606boom246\n|player|p2|\n", "uploadtime": 1746063053, "views": 7, "formatid": "gen9vgc2025regibo3", "rating": null, "private": 0, "password": null}