{"id": "gen9vgc2025regibo3-2354054066", "format": "[Gen 9] VGC 2025 Reg I (Bo3)", "players": ["gundi8", "bvg2"], "log": "|j|\u2606gundi8\n|j|\u203dbvg2\n|html|<table width=\"100%\"><tr><td align=\"left\">gundi8</td><td align=\"right\">bvg2</tr><tr><td align=\"left\"><i class=\"fa fa-circle-o\"></i> <i class=\"fa fa-circle-o\"></i> </td><td align=\"right\"><i class=\"fa fa-circle-o\"></i> <i class=\"fa fa-circle\"></i> </tr></table>\n|uhtml|bestof|<h2><strong>Game 2</strong> of <a href=\"/game-bestof3-gen9vgc2025regibo3-2354051308\">a best-of-3</a></h2>\n|t:|1746030922\n|gametype|doubles\n|player|p1|gundi8|ethan-gen2|1278\n|player|p2|bvg2|flannery|1301\n|teamsize|p1|6\n|teamsize|p2|6\n|gen|9\n|tier|[Gen 9] VGC 2025 Reg I (Bo3)\n|rated|\n|rule|Species Clause: Limit one of each Pok\u00e9mon\n|rule|Item Clause: Limit 1 of each item\n|clearpoke\n|poke|p1|Calyrex-Shadow, L50|\n|poke|p1|Koraidon, L50|\n|poke|p1|Ditto, L50|\n|poke|p1|Brute Bonnet, L50|\n|poke|p1|Whimsicott, L50, F|\n|poke|p1|Chi-Yu, L50|\n|poke|p2|Calyrex-Shadow, L50|\n|poke|p2|Dondozo, L50, F|\n|poke|p2|Tatsugiri-Droopy, L50, F|\n|poke|p2|Chi-Yu, L50|\n|poke|p2|Miraidon, L50|\n|poke|p2|Sneasler, L50, F|\n|teampreview|4\n|showteam|p1|Calyrex-Shadow||LifeOrb|AsOneSpectrier|AstralBarrage,Psychic,Substitute,Protect||||||50|,,,,,Ghost]Koraidon||ClearAmulet|OrichalcumPulse|CollisionCourse,FlameCharge,FlareBlitz,Protect||||||50|,,,,,Fire]Ditto||FocusSash|Imposter|Transform||||||50|,,,,,Normal]Brute Bonnet||RockyHelmet|Protosynthesis|SeedBomb,SuckerPunch,Spore,RagePowder||||||50|,,,,,Water]Whimsicott||CovertCloak|Prankster|Moonblast,LightScreen,Tailwind,Encore|||F|||50|,,,,,Dark]Chi-Yu||ChoiceScarf|BeadsofRuin|HeatWave,Snarl,Overheat,DarkPulse||||||50|,,,,,Ghost\n|showteam|p2|Calyrex-Shadow||LifeOrb|AsOneSpectrier|Protect,AstralBarrage,ExpandingForce,Encore||||||50|,,,,,Normal]Dondozo||Leftovers|Unaware|Protect,BodyPress,OrderUp,WaveCrash|||F|||50|,,,,,Grass]Tatsugiri-Droopy||FocusSash|Commander|Protect,HelpingHand,DragonPulse,MuddyWater|||F|||50|,,,,,Stellar]Chi-Yu||ChoiceScarf|BeadsofRuin|ScaryFace,Snarl,HeatWave,Overheat||||||50|,,,,,Ghost]Miraidon||AssaultVest|HadronEngine|ElectroDrift,DracoMeteor,DazzlingGleam,VoltSwitch||||||50|,,,,,Fairy]Sneasler||ElectricSeed|Unburden|CloseCombat,DireClaw,ToxicSpikes,FakeOut|||F|||50|,,,,,Ghost\n|inactive|Battle timer is ON: inactive players will automatically lose when time's up. (requested by gundi8)\n|\n|t:|1746030951\n|start\n|switch|p1a: Calyrex|Calyrex-Shadow, L50|100/100\n|switch|p1b: Whimsicott|Whimsicott, L50, F|100/100\n|switch|p2a: Miraidon|Miraidon, L50|100/100\n|switch|p2b: Sneasler|Sneasler, L50, F|100/100\n|-ability|p1a: Calyrex|As One\n|-ability|p1a: Calyrex|Unnerve\n|-fieldstart|move: Electric Terrain|[from] ability: Hadron Engine|[of] p2a: Miraidon\n|-enditem|p2b: Sneasler|Electric Seed\n|-boost|p2b: Sneasler|def|1|[from] item: Electric Seed\n|turn|1\n|inactive|bvg2 has 30 seconds left.\n|inactive|bvg2 has 20 seconds left.\n|inactive|bvg2 has 15 seconds left.\n|\n|t:|1746030993\n|move|p1b: Whimsicott|Light Screen|p1b: Whimsicott\n|-sidestart|p1: gundi8|move: Light Screen\n|move|p2b: Sneasler|Dire Claw|p1b: Whimsicott\n|-supereffective|p1b: Whimsicott\n|-damage|p1b: Whimsicott|0 fnt\n|faint|p1b: Whimsicott\n|move|p1a: Calyrex|Astral Barrage|p2a: Miraidon|[spread] p2a,p2b\n|-damage|p2a: Miraidon|58/100\n|-damage|p2b: Sneasler|10/100\n|-damage|p1a: Calyrex|91/100|[from] item: Life Orb\n|move|p2a: Miraidon|Electro Drift|p1a: Calyrex\n|-damage|p1a: Calyrex|25/100\n|\n|upkeep\n|\n|t:|1746031011\n|switch|p1b: Koraidon|Koraidon, L50|100/100\n|-weather|SunnyDay|[from] ability: Orichalcum Pulse|[of] p1b: Koraidon\n|-activate|p1b: Koraidon|Orichalcum Pulse|[source]\n|turn|2\n|inactive|gundi8 has 30 seconds left.\n|inactive|gundi8 has 20 seconds left.\n|inactive|gundi8 has 15 seconds left.\n|\n|t:|1746031054\n|-terastallize|p1b: Koraidon|Fire\n|move|p1a: Calyrex|Protect|p1a: Calyrex\n|-singleturn|p1a: Calyrex|Protect\n|move|p2b: Sneasler|Dire Claw|p1b: Koraidon\n|-damage|p1b: Koraidon|62/100\n|-status|p1b: Koraidon|psn\n|move|p1b: Koraidon|Flame Charge|p2b: Sneasler\n|-damage|p2b: Sneasler|0 fnt\n|-boost|p1b: Koraidon|spe|1\n|faint|p2b: Sneasler\n|move|p2a: Miraidon|Dazzling Gleam|p1b: Koraidon|[spread] p1b\n|-activate|p1a: Calyrex|move: Protect\n|-resisted|p1b: Koraidon\n|-damage|p1b: Koraidon|54/100 psn\n|\n|-weather|SunnyDay|[upkeep]\n|-damage|p1b: Koraidon|42/100 psn|[from] psn\n|upkeep\n|\n|t:|1746031075\n|switch|p2b: Chi-Yu|Chi-Yu, L50|100/100\n|-ability|p2b: Chi-Yu|Beads of Ruin\n|turn|3\n|\n|t:|1746031093\n|-terastallize|p2b: Chi-Yu|Ghost\n|move|p1b: Koraidon|Flare Blitz|p2b: Chi-Yu\n|-damage|p2b: Chi-Yu|0 fnt\n|faint|p2b: Chi-Yu\n|-damage|p1b: Koraidon|19/100 psn|[from] Recoil\n|move|p1a: Calyrex|Astral Barrage|p2a: Miraidon\n|-damage|p2a: Miraidon|7/100\n|-damage|p1a: Calyrex|16/100|[from] item: Life Orb\n|move|p2a: Miraidon|Electro Drift|p1a: Calyrex\n|-damage|p1a: Calyrex|0 fnt\n|faint|p1a: Calyrex\n|\n|-weather|SunnyDay|[upkeep]\n|-damage|p1b: Koraidon|7/100 psn|[from] psn\n|upkeep\n|\n|t:|1746031109\n|switch|p1a: Ditto|Ditto, L50|100/100\n|switch|p2b: Calyrex|Calyrex-Shadow, L50|100/100\n|-ability|p2b: Calyrex|As One\n|-ability|p2b: Calyrex|Unnerve\n|-transform|p1a: Ditto|p2b: Calyrex|[from] ability: Imposter\n|-ability|p1a: Ditto|As One\n|-ability|p1a: Ditto|Unnerve\n|turn|4\n|\n|t:|1746031126\n|move|p1b: Koraidon|Flare Blitz|p2b: Calyrex\n|-damage|p2b: Calyrex|0 fnt\n|faint|p2b: Calyrex\n|-damage|p1b: Koraidon|0 fnt|[from] Recoil\n|faint|p1b: Koraidon\n|move|p1a: Ditto|Astral Barrage|p2a: Miraidon\n|-damage|p2a: Miraidon|0 fnt\n|faint|p2a: Miraidon\n|\n|win|gundi8\n||bvg2 is ready for game 3.\n||gundi8 is ready for game 3.\n|uhtml|next|Next: <a href=\"/battle-gen9vgc2025regibo3-2354056580\"><strong>Game 3 of 3</strong></a>\n|l|\u2606gundi8\n|player|p1|\n|l|\u203dbvg2\n|player|p2|\n", "uploadtime": 1746031132, "views": 12, "formatid": "gen9vgc2025regibo3", "rating": null, "private": 0, "password": null}