{"id": "gen9vgc2025regibo3-2353717954", "format": "[Gen 9] VGC 2025 Reg I (Bo3)", "players": ["bnma123", "DiamondNate"], "log": "|j|\u2606bnma123\n|j|\u2606DiamondNate\n|html|<table width=\"100%\"><tr><td align=\"left\">bnma123</td><td align=\"right\">DiamondNate</tr><tr><td align=\"left\"><i class=\"fa fa-circle-o\"></i> <i class=\"fa fa-circle-o\"></i> </td><td align=\"right\"><i class=\"fa fa-circle-o\"></i> <i class=\"fa fa-circle-o\"></i> </tr></table>\n|uhtml|bestof|<h2><strong>Game 1</strong> of <a href=\"/game-bestof3-gen9vgc2025regibo3-2353717953\">a best-of-3</a></h2>\n|t:|1745988066\n|gametype|doubles\n|player|p1|bnma123|170|1108\n|player|p2|DiamondNate|acetrainerf-gen4dp|1136\n|teamsize|p1|6\n|teamsize|p2|5\n|gen|9\n|tier|[Gen 9] VGC 2025 Reg I (Bo3)\n|rated|\n|rule|Species Clause: Limit one of each Pok\u00e9mon\n|rule|Item Clause: Limit 1 of each item\n|clearpoke\n|poke|p1|Incineroar, L50, M|\n|poke|p1|Calyrex-Shadow, L50|\n|poke|p1|Zamazenta-*, L50|\n|poke|p1|Urshifu-*, L50, F|\n|poke|p1|Iron Hands, L50|\n|poke|p1|Scream Tail, L50|\n|poke|p2|Miraidon, L50|\n|poke|p2|Zamazenta-*, L50|\n|poke|p2|Whimsicott, L50, M|\n|poke|p2|Incineroar, L50, F|\n|poke|p2|Farigiraf, L50, F|\n|teampreview|4\n|showteam|p1|Incineroar||SafetyGoggles|Intimidate|PartingShot,FakeOut,KnockOff,Protect|||M|||50|,,,,,Ghost]Calyrex-Shadow||WeaknessPolicy|AsOneSpectrier|AstralBarrage,Protect,BatonPass,TeraBlast||||||50|,,,,,Normal]Zamazenta-Crowned||RustedShield|DauntlessShield|BodyPress,WideGuard,behemothbash,IronDefense||||||50|,,,,,Fighting]Urshifu||ChoiceScarf|UnseenFist|WickedBlow,CloseCombat,Uturn,SuckerPunch|||F|||50|,,,,,Dark]Iron Hands||AssaultVest|QuarkDrive|DrainPunch,ThunderPunch,HeavySlam,FakeOut||||||50|,,,,,Fighting]Scream Tail||BoosterEnergy|Protosynthesis|Encore,Disable,PerishSong,DrainPunch||||||50|,,,,,Dark\n|showteam|p2|Miraidon||ChoiceSpecs|HadronEngine|ElectroDrift,DragonPulse,VoltSwitch,DazzlingGleam||||||50|,,,,,Fairy]Zamazenta-Crowned||RustedShield|DauntlessShield|BodyPress,HeavySlam,WideGuard,Protect||||||50|,,,,,Dragon]Whimsicott||CovertCloak|Prankster|Moonblast,Tailwind,Encore,LightScreen|||M|||50|,,,,,Fire]Incineroar||SitrusBerry|Intimidate|KnockOff,HelpingHand,PartingShot,FakeOut|||F|||50|,,,,,Grass]Farigiraf||ThroatSpray|ArmorTail|HyperVoice,Imprison,TrickRoom,Protect|||F|||50|,,,,,Dark\n|inactive|Battle timer is ON: inactive players will automatically lose when time's up. (requested by DiamondNate)\n|inactive|bnma123 has 60 seconds left.\n|inactive|bnma123 has 30 seconds left.\n|inactive|bnma123 has 20 seconds left.\n|inactive|bnma123 has 15 seconds left.\n|inactive|bnma123 has 10 seconds left.\n|inactive|bnma123 has 5 seconds left.\n|\n|t:|1745988151\n|start\n|switch|p1a: Urshifu|Urshifu, L50, F|100/100\n|switch|p1b: Scream Tail|Scream Tail, L50|100/100\n|switch|p2a: Incineroar|Incineroar, L50, F|100/100\n|switch|p2b: Miraidon|Miraidon, L50|100/100\n|-fieldstart|move: Electric Terrain|[from] ability: Hadron Engine|[of] p2b: Miraidon\n|-ability|p2a: Incineroar|Intimidate|boost\n|-unboost|p1a: Urshifu|atk|1\n|-unboost|p1b: Scream Tail|atk|1\n|-enditem|p1b: Scream Tail|Booster Energy\n|-activate|p1b: Scream Tail|ability: Protosynthesis|[fromitem]\n|-start|p1b: Scream Tail|protosynthesisspe\n|turn|1\n|inactive|bnma123 has 30 seconds left.\n|inactive|bnma123 has 20 seconds left.\n|inactive|bnma123 has 15 seconds left.\n|\n|t:|1745988193\n|switch|p2b: Whimsicott|Whimsicott, L50, M|100/100\n|move|p1a: Urshifu|Sucker Punch||[still]\n|-fail|p1a: Urshifu\n|move|p1b: Scream Tail|Encore||[still]\n|-fail|p1b: Scream Tail\n|move|p2a: Incineroar|Parting Shot|p1a: Urshifu\n|-unboost|p1a: Urshifu|atk|1\n|-unboost|p1a: Urshifu|spa|1\n|\n|t:|1745988205\n|switch|p2a: Miraidon|Miraidon, L50|100/100|[from] Parting Shot\n|-activate|p2a: Miraidon|ability: Hadron Engine\n|\n|upkeep\n|turn|2\n|inactive|bnma123 has 30 seconds left.\n|inactive|bnma123 has 20 seconds left.\n|\n|t:|1745988240\n|switch|p1a: Zamazenta|Zamazenta-Crowned, L50|100/100\n|-ability|p1a: Zamazenta|Dauntless Shield|boost\n|-boost|p1a: Zamazenta|def|1\n|-terastallize|p2a: Miraidon|Fairy\n|move|p2b: Whimsicott|Tailwind|p2b: Whimsicott\n|-sidestart|p2: DiamondNate|move: Tailwind\n|move|p2a: Miraidon|Electro Drift|p1b: Scream Tail\n|-damage|p1b: Scream Tail|0 fnt\n|faint|p1b: Scream Tail\n|-end|p1b: Scream Tail|Protosynthesis|[silent]\n|\n|upkeep\n|\n|t:|1745988254\n|switch|p1b: Urshifu|Urshifu, L50, F|100/100\n|turn|3\n|inactive|bnma123 has 30 seconds left.\n|\n|t:|1745988282\n|move|p2a: Miraidon|Electro Drift|p1a: Zamazenta\n|-damage|p1a: Zamazenta|10/100\n|move|p2b: Whimsicott|Moonblast|p1b: Urshifu\n|-supereffective|p1b: Urshifu\n|-damage|p1b: Urshifu|0 fnt\n|faint|p1b: Urshifu\n|move|p1a: Zamazenta|Behemoth Bash|p2a: Miraidon\n|-supereffective|p2a: Miraidon\n|-damage|p2a: Miraidon|18/100\n|\n|upkeep\n|\n|t:|1745988292\n|switch|p1b: Calyrex|Calyrex-Shadow, L50|100/100\n|-ability|p1b: Calyrex|As One\n|-ability|p1b: Calyrex|Unnerve\n|turn|4\n|\n|t:|1745988310\n|move|p2a: Miraidon|Electro Drift|p1b: Calyrex\n|-damage|p1b: Calyrex|0 fnt\n|faint|p1b: Calyrex\n|move|p2b: Whimsicott|Moonblast|p1a: Zamazenta\n|-damage|p1a: Zamazenta|0 fnt\n|faint|p1a: Zamazenta\n|\n|win|DiamondNate\n||bnma123 is ready for game 2.\n||DiamondNate is ready for game 2.\n|uhtml|next|Next: <a href=\"/battle-gen9vgc2025regibo3-2353719548\"><strong>Game 2 of 3</strong></a>\n|l|\u2606DiamondNate\n|player|p2|\n", "uploadtime": 1745988668, "views": 7, "formatid": "gen9vgc2025regibo3", "rating": null, "private": 0, "password": null}