{"id": "gen9vgc2025regibo3-2354256056", "format": "[Gen 9] VGC 2025 Reg I (Bo3)", "players": ["tzarii", "canadadryafk"], "log": "|j|\u2606tzarii\n|j|\u2606canadadryafk\n|html|<table width=\"100%\"><tr><td align=\"left\">tzarii</td><td align=\"right\">canadadryafk</tr><tr><td align=\"left\"><i class=\"fa fa-circle-o\"></i> <i class=\"fa fa-circle-o\"></i> </td><td align=\"right\"><i class=\"fa fa-circle-o\"></i> <i class=\"fa fa-circle\"></i> </tr></table>\n|uhtml|bestof|<h2><strong>Game 2</strong> of <a href=\"/game-bestof3-gen9vgc2025regibo3-2354252538\">a best-of-3</a></h2>\n|t:|1746049682\n|gametype|doubles\n|player|p1|tzarii|lady-gen4|1106\n|player|p2|canadadryafk|102|1085\n|teamsize|p1|6\n|teamsize|p2|6\n|gen|9\n|tier|[Gen 9] VGC 2025 Reg I (Bo3)\n|rated|\n|rule|Species Clause: Limit one of each Pok\u00e9mon\n|rule|Item Clause: Limit 1 of each item\n|clearpoke\n|poke|p1|Koraidon, L50|\n|poke|p1|Groudon, L50|\n|poke|p1|Flutter Mane, L50|\n|poke|p1|Scovillain, L50, F|\n|poke|p1|Rillaboom, L50, F|\n|poke|p1|Scream Tail, L50|\n|poke|p2|Incineroar, L50, M|\n|poke|p2|Zacian-*, L50|\n|poke|p2|Farigiraf, L50, F|\n|poke|p2|Iron Bundle, L50|\n|poke|p2|Miraidon, L50|\n|poke|p2|Ursaluna, L50, F|\n|teampreview|4\n|showteam|p1|Koraidon||ClearAmulet|OrichalcumPulse|FlameCharge,CloseCombat,FlareBlitz,Protect||||||50|,,,,,Fire]Groudon||AssaultVest|Drought|PrecipiceBlades,HeatCrash,RockSlide,HighHorsepower||||||50|,,,,,Water]Flutter Mane||FocusSash|Protosynthesis|Moonblast,IcyWind,ShadowBall,Protect||||||50|,,,,,Fairy]Scovillain||CovertCloak|Chlorophyll|Overheat,SpicyExtract,WillOWisp,ScaryFace|||F|||50|,,,,,Fire]Rillaboom||MiracleSeed|GrassySurge|FakeOut,GrassyGlide,WoodHammer,Protect|||F|||50|,,,,,Water]Scream Tail||RedCard|Protosynthesis|StealthRock,Encore,Disable,Protect||||||50|,,,,,Dark\n|showteam|p2|Incineroar||AssaultVest|Intimidate|FlareBlitz,KnockOff,FakeOut,Uturn|||M|||50|,,,,,Ghost]Zacian-Crowned||RustedSword|IntrepidSword|Protect,behemothblade,PlayRough,SacredSword||||||50|,,,,,Dragon]Farigiraf||ElectricSeed|ArmorTail|PsychicNoise,FoulPlay,HelpingHand,TrickRoom|||F|||50|,,,,,Water]Iron Bundle||FocusSash|QuarkDrive|FreezeDry,IcyWind,Encore,Protect||||||50|,,,,,Ghost]Miraidon||ChoiceSpecs|HadronEngine|ElectroDrift,DracoMeteor,VoltSwitch,DazzlingGleam||||||50|,,,,,Fairy]Ursaluna||FlameOrb|Guts|Facade,HeadlongRush,Substitute,Protect|||F|||50|,,,,,Poison\n|inactive|Battle timer is ON: inactive players will automatically lose when time's up. (requested by canadadryafk)\n|inactive|tzarii has 60 seconds left.\n|inactive|canadadryafk has 60 seconds left.\n|inactive|tzarii has 30 seconds left.\n|\n|t:|1746049746\n|start\n|switch|p1a: Koraidon|Koraidon, L50|100/100\n|switch|p1b: Scovillain|Scovillain, L50, F|100/100\n|switch|p2a: Farigiraf|Farigiraf, L50, F|100/100\n|switch|p2b: Miraidon|Miraidon, L50|100/100\n|-fieldstart|move: Electric Terrain|[from] ability: Hadron Engine|[of] p2b: Miraidon\n|-enditem|p2a: Farigiraf|Electric Seed\n|-boost|p2a: Farigiraf|def|1|[from] item: Electric Seed\n|-weather|SunnyDay|[from] ability: Orichalcum Pulse|[of] p1a: Koraidon\n|-activate|p1a: Koraidon|Orichalcum Pulse|[source]\n|turn|1\n|inactive|tzarii has 30 seconds left.\n|inactive|canadadryafk has 30 seconds left.\n|inactive|canadadryafk has 20 seconds left.\n|inactive|canadadryafk has 15 seconds left.\n|\n|t:|1746049788\n|switch|p2b: Ursaluna|Ursaluna, L50, F|100/100\n|-terastallize|p1a: Koraidon|Fire\n|move|p1b: Scovillain|Spicy Extract|p1a: Koraidon\n|-fail|p1a: Koraidon|unboost|[from] item: Clear Amulet|[of] p1a: Koraidon\n|-boost|p1a: Koraidon|atk|2\n|move|p1a: Koraidon|Flare Blitz|p2a: Farigiraf\n|-crit|p2a: Farigiraf\n|-damage|p2a: Farigiraf|0 fnt\n|faint|p2a: Farigiraf\n|-damage|p1a: Koraidon|58/100|[from] Recoil\n|\n|-weather|SunnyDay|[upkeep]\n|-status|p2b: Ursaluna|brn|[from] item: Flame Orb\n|upkeep\n|\n|t:|1746049805\n|switch|p2a: Incineroar|Incineroar, L50, M|100/100\n|-ability|p2a: Incineroar|Intimidate|boost\n|-fail|p1a: Koraidon|unboost|[from] item: Clear Amulet|[of] p1a: Koraidon\n|-unboost|p1b: Scovillain|atk|1\n|turn|2\n|\n|t:|1746049823\n|move|p1a: Koraidon|Protect|p1a: Koraidon\n|-singleturn|p1a: Koraidon|Protect\n|move|p2a: Incineroar|Fake Out|p1b: Scovillain\n|-damage|p1b: Scovillain|82/100\n|move|p1b: Scovillain|Overheat|p2b: Ursaluna\n|-damage|p2b: Ursaluna|15/100 brn\n|-unboost|p1b: Scovillain|spa|2\n|move|p2b: Ursaluna|Substitute|p2b: Ursaluna\n|-fail|p2b: Ursaluna|move: Substitute|[weak]\n|\n|-weather|SunnyDay|[upkeep]\n|-damage|p2b: Ursaluna|9/100 brn|[from] brn\n|upkeep\n|turn|3\n|-message|canadadryafk forfeited.\n|\n|win|tzarii\n|l|\u2606canadadryafk\n|player|p2|\n||tzarii is ready for game 3.\n||canadadryafk is ready for game 3.\n|uhtml|next|Next: <a href=\"/battle-gen9vgc2025regibo3-2354257447\"><strong>Game 3 of 3</strong></a>\n|j|\u2606canadadryafk\n|player|p2|canadadryafk|102|\n", "uploadtime": 1746049838, "views": 6, "formatid": "gen9vgc2025regibo3", "rating": null, "private": 0, "password": null}