{"id": "gen9vgc2025regibo3-2354958860", "format": "[Gen 9] VGC 2025 Reg I (Bo3)", "players": ["Semiau", "Playest012"], "log": "|j|\u2606Semiau\n|j|\u2606Playest012\n|html|<table width=\"100%\"><tr><td align=\"left\">Semiau</td><td align=\"right\">Playest012</tr><tr><td align=\"left\"><i class=\"fa fa-circle-o\"></i> <i class=\"fa fa-circle-o\"></i> </td><td align=\"right\"><i class=\"fa fa-circle-o\"></i> <i class=\"fa fa-circle-o\"></i> </tr></table>\n|uhtml|bestof|<h2><strong>Game 1</strong> of <a href=\"/game-bestof3-gen9vgc2025regibo3-2354958859\">a best-of-3</a></h2>\n|t:|1746135828\n|gametype|doubles\n|player|p1|Semiau|266|1213\n|player|p2|Playest012|infielder|1076\n|teamsize|p1|6\n|teamsize|p2|6\n|gen|9\n|tier|[Gen 9] VGC 2025 Reg I (Bo3)\n|rated|\n|rule|Species Clause: Limit one of each Pok\u00e9mon\n|rule|Item Clause: Limit 1 of each item\n|clearpoke\n|poke|p1|Latios, L50, M|\n|poke|p1|Urshifu-*, L50, M|\n|poke|p1|Zacian-*, L50|\n|poke|p1|Lugia, L50|\n|poke|p1|Comfey, L50, F|\n|poke|p1|Indeedee-F, L50, F|\n|poke|p2|Zacian-*, L50|\n|poke|p2|Calyrex-Ice, L50|\n|poke|p2|Pelipper, L50, M|\n|poke|p2|Urshifu-*, L50, M|\n|poke|p2|Raging Bolt, L50|\n|poke|p2|Ogerpon-Cornerstone, L50, F|\n|teampreview|4\n|showteam|p1|Latios||SoulDew|Levitate|DracoMeteor,Tailwind,SimpleBeam,AllySwitch|||M|||50|,,,,,Bug]Urshifu||LifeOrb|UnseenFist|WickedBlow,SuckerPunch,CloseCombat,Detect|||M|||50|,,,,,Poison]Zacian-Crowned||RustedSword|IntrepidSword|PlayRough,behemothblade,Protect,SacredSword||||||50|,,,,,Water]Lugia||ClearAmulet|Multiscale|CalmMind,Protect,Aeroblast,EarthPower||||||50|,,,,,Ground]Comfey||Leftovers|FlowerVeil|LightScreen,FloralHealing,HelpingHand,DrainingKiss|||F|||50|,,,,,Fairy]Indeedee-F||PsychicSeed|PsychicSurge|HelpingHand,FollowMe,DazzlingGleam,TrickRoom|||F|||50|,,,,,Psychic\n|showteam|p2|Zacian-Crowned||RustedSword|IntrepidSword|Protect,PlayRough,SacredSword,behemothblade||||||50|,,,,,Dragon]Calyrex-Ice||ClearAmulet|AsOneGlastrier|Protect,TrickRoom,HighHorsepower,GlacialLance||||||50|,,,,,Water]Pelipper||FocusSash|Drizzle|Protect,Hurricane,WeatherBall,WideGuard|||M|||50|,,,,,Ghost]Urshifu-Rapid-Strike||ChoiceScarf|UnseenFist|SurgingStrikes,CloseCombat,Coaching,Uturn|||M|||50|,,,,,Ghost]Raging Bolt||BoosterEnergy|Protosynthesis|Protect,Thunderbolt,Thunderclap,DracoMeteor||||||50|,,,,,Fairy]Ogerpon-Cornerstone||CornerstoneMask|Sturdy|SpikyShield,FollowMe,WoodHammer,IvyCudgel|||F|||50|,,,,,Rock\n|inactive|Battle timer is ON: inactive players will automatically lose when time's up. (requested by Playest012)\n|inactive|Playest012 has 60 seconds left.\n|\n|t:|1746135873\n|start\n|switch|p1a: Urshifu|Urshifu, L50, M|100/100\n|switch|p1b: Indeedee|Indeedee-F, L50, F|100/100\n|switch|p2a: Zacian|Zacian-Crowned, L50|100/100\n|switch|p2b: Urshifu|Urshifu-Rapid-Strike, L50, M|100/100\n|-ability|p2a: Zacian|Intrepid Sword|boost\n|-boost|p2a: Zacian|atk|1\n|-fieldstart|move: Psychic Terrain|[from] ability: Psychic Surge|[of] p1b: Indeedee\n|-enditem|p1b: Indeedee|Psychic Seed\n|-boost|p1b: Indeedee|spd|1|[from] item: Psychic Seed\n|turn|1\n|inactive|Playest012 has 30 seconds left.\n|inactive|Playest012 has 20 seconds left.\n|inactive|Playest012 has 15 seconds left.\n|inactive|Playest012 has 10 seconds left.\n|inactive|Playest012 has 5 seconds left.\n|\n|t:|1746135929\n|switch|p1a: Lugia|Lugia, L50|100/100\n|move|p2a: Zacian|Protect|p2a: Zacian\n|-singleturn|p2a: Zacian|Protect\n|move|p2b: Urshifu|Surging Strikes|p1b: Indeedee\n|-crit|p1b: Indeedee\n|-damage|p1b: Indeedee|76/100\n|-crit|p1b: Indeedee\n|-damage|p1b: Indeedee|52/100\n|-crit|p1b: Indeedee\n|-damage|p1b: Indeedee|29/100\n|-hitcount|p1b: Indeedee|3\n|move|p1b: Indeedee|Trick Room|p1b: Indeedee\n|-fieldstart|move: Trick Room|[of] p1b: Indeedee\n|\n|upkeep\n|turn|2\n|inactive|Semiau has 30 seconds left.\n|inactive|Playest012 has 30 seconds left.\n|inactive|Semiau has 20 seconds left.\n|\n|t:|1746135964\n|-terastallize|p2a: Zacian|Dragon\n|move|p1b: Indeedee|Dazzling Gleam|p2b: Urshifu|[spread] p2a,p2b\n|-supereffective|p2a: Zacian\n|-crit|p2a: Zacian\n|-supereffective|p2b: Urshifu\n|-damage|p2a: Zacian|64/100\n|-damage|p2b: Urshifu|67/100\n|move|p1a: Lugia|Aeroblast|p2b: Urshifu\n|-supereffective|p2b: Urshifu\n|-crit|p2b: Urshifu\n|-damage|p2b: Urshifu|0 fnt\n|faint|p2b: Urshifu\n|move|p2a: Zacian|Behemoth Blade|p1a: Lugia\n|-damage|p1a: Lugia|77/100\n|\n|upkeep\n|\n|t:|1746135986\n|switch|p2b: Calyrex|Calyrex-Ice, L50|100/100\n|-ability|p2b: Calyrex|As One\n|-ability|p2b: Calyrex|Unnerve\n|turn|3\n|inactive|Semiau has 30 seconds left.\n|inactive|Semiau has 20 seconds left.\n|\n|t:|1746136023\n|move|p1a: Lugia|Protect|p1a: Lugia\n|-singleturn|p1a: Lugia|Protect\n|move|p2b: Calyrex|Glacial Lance|p1b: Indeedee|[spread] p1b\n|-activate|p1a: Lugia|move: Protect\n|-damage|p1b: Indeedee|0 fnt\n|faint|p1b: Indeedee\n|-ability|p2b: Calyrex|Chilling Neigh|boost\n|-boost|p2b: Calyrex|atk|1\n|move|p2a: Zacian|Behemoth Blade|p1a: Lugia\n|-activate|p1a: Lugia|move: Protect\n|\n|upkeep\n|\n|t:|1746136028\n|switch|p1b: Urshifu|Urshifu, L50, M|100/100\n|turn|4\n|inactive|Semiau has 30 seconds left.\n|inactive|Semiau has 20 seconds left.\n|inactive|Semiau has 15 seconds left.\n|inactive|Semiau has 10 seconds left.\n|inactive|Semiau has 5 seconds left.\n|\n|t:|1746136083\n|move|p2b: Calyrex|Glacial Lance|p1b: Urshifu|[spread] p1a,p1b\n|-supereffective|p1a: Lugia\n|-damage|p1a: Lugia|0 fnt\n|-damage|p1b: Urshifu|8/100\n|faint|p1a: Lugia\n|-ability|p2b: Calyrex|Chilling Neigh|boost\n|-boost|p2b: Calyrex|atk|1\n|move|p1b: Urshifu|Wicked Blow|p2b: Calyrex\n|-supereffective|p2b: Calyrex\n|-crit|p2b: Calyrex\n|-damage|p2b: Calyrex|4/100\n|-damage|p1b: Urshifu|0 fnt|[from] item: Life Orb\n|faint|p1b: Urshifu\n|move|p2a: Zacian|Behemoth Blade|p1: Lugia|[notarget]\n|-fail|p2a: Zacian\n|\n|upkeep\n|inactive|Semiau has 30 seconds left.\n|inactive|Semiau has 20 seconds left.\n|inactive|Semiau has 15 seconds left.\n|inactive|Semiau has 10 seconds left.\n|inactive|Semiau has 5 seconds left.\n|\n|t:|1746136138\n|switch|p1a: Zacian|Zacian-Crowned, L50|100/100\n|-ability|p1a: Zacian|Intrepid Sword|boost\n|-boost|p1a: Zacian|atk|1\n|turn|5\n|inactive|Semiau has 30 seconds left.\n|inactive|Semiau has 20 seconds left.\n|inactive|Semiau has 15 seconds left.\n|inactive|Semiau has 10 seconds left.\n|inactive|Semiau has 5 seconds left.\n|\n|t:|1746136193\n|move|p2b: Calyrex|High Horsepower|p1a: Zacian|[miss]\n|-miss|p2b: Calyrex|p1a: Zacian\n|move|p2a: Zacian|Sacred Sword|p1a: Zacian\n|-damage|p1a: Zacian|49/100\n|move|p1a: Zacian|Play Rough|p2a: Zacian\n|-supereffective|p2a: Zacian\n|-damage|p2a: Zacian|0 fnt\n|faint|p2a: Zacian\n|\n|-fieldend|move: Trick Room\n|-fieldend|move: Psychic Terrain\n|upkeep\n|\n|t:|1746136201\n|switch|p2a: Raging Bolt|Raging Bolt, L50|100/100\n|-enditem|p2a: Raging Bolt|Booster Energy\n|-activate|p2a: Raging Bolt|ability: Protosynthesis|[fromitem]\n|-start|p2a: Raging Bolt|protosynthesisspa\n|turn|6\n|inactive|Semiau has 30 seconds left.\n|inactive|Semiau has 20 seconds left.\n|inactive|Semiau has 15 seconds left.\n|inactive|Semiau has 10 seconds left.\n|inactive|Semiau has 5 seconds left.\n|\n|t:|1746136256\n|move|p2a: Raging Bolt|Protect|p2a: Raging Bolt\n|-singleturn|p2a: Raging Bolt|Protect\n|move|p2b: Calyrex|Protect|p2b: Calyrex\n|-singleturn|p2b: Calyrex|Protect\n|move|p1a: Zacian|Play Rough|p2a: Raging Bolt\n|-activate|p2a: Raging Bolt|move: Protect\n|\n|upkeep\n|turn|7\n|inactive|Semiau has 30 seconds left.\n|\n|t:|1746136288\n|move|p2a: Raging Bolt|Thunderclap|p1a: Zacian\n|-damage|p1a: Zacian|2/100\n|move|p1a: Zacian|Play Rough|p2a: Raging Bolt\n|-supereffective|p2a: Raging Bolt\n|-damage|p2a: Raging Bolt|0 fnt\n|faint|p2a: Raging Bolt\n|-end|p2a: Raging Bolt|Protosynthesis|[silent]\n|move|p2b: Calyrex|Glacial Lance|p1a: Zacian\n|-resisted|p1a: Zacian\n|-damage|p1a: Zacian|0 fnt\n|faint|p1a: Zacian\n|\n|win|Playest012\n|l|\u2606Semiau\n|player|p1|\n|inactive|Semiau has 30 seconds to confirm battle start!\n|inactive|Playest012 has 30 seconds to confirm battle start!\n||Semiau is ready for game 2.\n||Playest012 is ready for game 2.\n|uhtml|next|Next: <a href=\"/battle-gen9vgc2025regibo3-2354963142\"><strong>Game 2 of 3</strong></a>\n", "uploadtime": 1746136407, "views": 6, "formatid": "gen9vgc2025regibo3", "rating": null, "private": 0, "password": null}