{"id": "gen9vgc2025regibo3-2354454872", "format": "[Gen 9] VGC 2025 Reg I (Bo3)", "players": ["Yairmeron", "miraidons the goat"], "log": "|j|\u2606Yairmeron\n|j|\u2606miraidons the goat\n|html|<table width=\"100%\"><tr><td align=\"left\">Yairmeron</td><td align=\"right\">miraidons the goat</tr><tr><td align=\"left\"><i class=\"fa fa-circle-o\"></i> <i class=\"fa fa-circle-o\"></i> </td><td align=\"right\"><i class=\"fa fa-circle-o\"></i> <i class=\"fa fa-circle-o\"></i> </tr></table>\n|uhtml|bestof|<h2><strong>Game 1</strong> of <a href=\"/game-bestof3-gen9vgc2025regibo3-2354454870\">a best-of-3</a></h2>\n|t:|1746074122\n|gametype|doubles\n|player|p1|Yairmeron|2|1105\n|player|p2|miraidons the goat|lillie-masters|1098\n|teamsize|p1|6\n|teamsize|p2|6\n|gen|9\n|tier|[Gen 9] VGC 2025 Reg I (Bo3)\n|rated|\n|rule|Species Clause: Limit one of each Pok\u00e9mon\n|rule|Item Clause: Limit 1 of each item\n|clearpoke\n|poke|p1|Calyrex-Shadow, L50|\n|poke|p1|Urshifu-*, L50, M|\n|poke|p1|Clefairy, L50, F|\n|poke|p1|Incineroar, L50, F|\n|poke|p1|Zamazenta-*, L50|\n|poke|p1|Tornadus, L50, M|\n|poke|p2|Miraidon, L50|\n|poke|p2|Calyrex-Shadow, L50|\n|poke|p2|Ogerpon-Hearthflame, L50, F|\n|poke|p2|Iron Hands, L50|\n|poke|p2|Farigiraf, L50, M|\n|poke|p2|Whimsicott, L50, M|\n|teampreview|4\n|showteam|p1|Calyrex-Shadow||FocusSash|AsOneSpectrier|AstralBarrage,NastyPlot,Protect,Psyshock||||||50|,,,,,Ground]Urshifu-Rapid-Strike||ChoiceBand|UnseenFist|SurgingStrikes,IceSpinner,Uturn,CloseCombat|||M|||50|,,,,,Water]Clefairy||Eviolite|FriendGuard|HealPulse,HelpingHand,FollowMe,AfterYou|||F|||50|,,,,,Grass]Incineroar||SafetyGoggles|Intimidate|PartingShot,KnockOff,FakeOut,Taunt|||F|||50|,,,,,Ghost]Zamazenta-Crowned||RustedShield|DauntlessShield|IronDefense,BodyPress,WideGuard,Protect||||||50|,,,,,Grass]Tornadus||CovertCloak|Prankster|Tailwind,Protect,RainDance,BleakwindStorm|||M|||50|,,,,,Dark\n|showteam|p2|Miraidon||ChoiceSpecs|HadronEngine|ElectroDrift,DracoMeteor,VoltSwitch,DazzlingGleam||||||50|,,,,,Fairy]Calyrex-Shadow||FocusSash|AsOneSpectrier|AstralBarrage,Psychic,NastyPlot,Protect||||||50|,,,,,Normal]Ogerpon-Hearthflame||HearthflameMask|MoldBreaker|IvyCudgel,WoodHammer,FollowMe,SpikyShield|||F|||50|,,,,,Fire]Iron Hands||AssaultVest|QuarkDrive|DrainPunch,LowKick,WildCharge,FakeOut||||||50|,,,,,Water]Farigiraf||ElectricSeed|ArmorTail|FoulPlay,Roar,TrickRoom,HelpingHand|||M|||50|,,,,,Water]Whimsicott||CovertCloak|Prankster|Tailwind,Encore,Moonblast,LightScreen|||M|||50|,,,,,Dark\n|inactive|Battle timer is ON: inactive players will automatically lose when time's up. (requested by Yairmeron)\n|inactive|Yairmeron has 60 seconds left.\n|inactive|miraidons the goat has 60 seconds left.\n|inactive|Yairmeron has 30 seconds left.\n|inactive|Yairmeron has 20 seconds left.\n|inactive|Yairmeron has 15 seconds left.\n|inactive|Yairmeron has 10 seconds left.\n|inactive|Yairmeron has 5 seconds left.\n|\n|t:|1746074211\n|start\n|switch|p1a: Tornadus|Tornadus, L50, M|100/100\n|switch|p1b: Urshifu|Urshifu-Rapid-Strike, L50, M|100/100\n|switch|p2a: cott|Whimsicott, L50, M, shiny|100/100\n|switch|p2b: drifting on you|Miraidon, L50|100/100\n|-fieldstart|move: Electric Terrain|[from] ability: Hadron Engine|[of] p2b: drifting on you\n|turn|1\n|inactive|miraidons the goat has 30 seconds left.\n|\n|t:|1746074236\n|move|p2a: cott|Tailwind|p2a: cott\n|-sidestart|p2: miraidons the goat|move: Tailwind\n|move|p1a: Tornadus|Tailwind|p1a: Tornadus\n|-sidestart|p1: Yairmeron|move: Tailwind\n|move|p2b: drifting on you|Volt Switch|p1b: Urshifu\n|-supereffective|p1b: Urshifu\n|-damage|p1b: Urshifu|0 fnt\n|faint|p1b: Urshifu\n|inactive|miraidons the goat has 30 seconds left.\n|inactive|miraidons the goat has 20 seconds left.\n|inactive|miraidons the goat has 15 seconds left.\n|inactive|miraidons the goat has 10 seconds left.\n|-message|Yairmeron forfeited.\n|\n|win|miraidons the goat\n|l|\u2606Yairmeron\n|player|p1|\n|raw|Yairmeron's rating: 1105 &rarr; <strong>1079</strong><br />(-26 for losing)\n|raw|miraidons the goat's rating: 1098 &rarr; <strong>1124</strong><br />(+26 for winning)\n", "uploadtime": 1746074355, "views": 10, "formatid": "gen9vgc2025regibo3", "rating": 1079, "private": 0, "password": null}