{"id": "gen9vgc2025regibo3-2354291998", "format": "[Gen 9] VGC 2025 Reg I (Bo3)", "players": ["Diabolical Intent", "WithoutHands"], "log": "|j|\u2606Diabolical Intent\n|j|\u2606WithoutHands\n|html|<table width=\"100%\"><tr><td align=\"left\">Diabolical Intent</td><td align=\"right\">WithoutHands</tr><tr><td align=\"left\"><i class=\"fa fa-circle-o\"></i> <i class=\"fa fa-circle-o\"></i> </td><td align=\"right\"><i class=\"fa fa-circle-o\"></i> <i class=\"fa fa-circle-o\"></i> </tr></table>\n|uhtml|bestof|<h2><strong>Game 1</strong> of <a href=\"/game-bestof3-gen9vgc2025regibo3-2354291997\">a best-of-3</a></h2>\n|t:|1746053680\n|gametype|doubles\n|player|p1|Diabolical Intent|grimsley|1352\n|player|p2|WithoutHands|102|1382\n|teamsize|p1|6\n|teamsize|p2|6\n|gen|9\n|tier|[Gen 9] VGC 2025 Reg I (Bo3)\n|rated|\n|rule|Species Clause: Limit one of each Pok\u00e9mon\n|rule|Item Clause: Limit 1 of each item\n|clearpoke\n|poke|p1|Koraidon, L50|\n|poke|p1|Zacian-*, L50|\n|poke|p1|Walking Wake, L50|\n|poke|p1|Brute Bonnet, L50|\n|poke|p1|Chi-Yu, L50|\n|poke|p1|Whimsicott, L50, F|\n|poke|p2|Calyrex-Shadow, L50|\n|poke|p2|Zamazenta-*, L50|\n|poke|p2|Amoonguss, L50, M|\n|poke|p2|Chien-Pao, L50|\n|poke|p2|Urshifu-*, L50, F|\n|poke|p2|Pelipper, L50, M|\n|teampreview|4\n|showteam|p1|Koraidon||ClearAmulet|OrichalcumPulse|FlareBlitz,FlameCharge,CollisionCourse,Protect||||||50|,,,,,Fire]Zacian-Crowned||RustedSword|IntrepidSword|PlayRough,behemothblade,Substitute,Protect||||||50|,,,,,Fairy]Walking Wake||LifeOrb|Protosynthesis|HydroSteam,WeatherBall,DracoMeteor,Protect||||||50|,,,,,Fire]Brute Bonnet||CovertCloak|Protosynthesis|SuckerPunch,Taunt,Spore,RagePowder||||||50|,,,,,Water]Chi-Yu||ChoiceScarf|BeadsofRuin|FireBlast,HeatWave,DarkPulse,Snarl||||||50|,,,,,Ghost]Whimsicott||FocusSash|Prankster|Moonblast,Tailwind,Encore,SunnyDay|||F|||50|,,,,,Ghost\n|showteam|p2|Calyrex-Shadow||LifeOrb|AsOneSpectrier|Protect,Imprison,Psychic,AstralBarrage||||||50|,,,,,Water]Zamazenta-Crowned||RustedShield|DauntlessShield|BodyPress,behemothbash,WideGuard,Protect||||||50|,,,,,Dragon]Amoonguss||RockyHelmet|Regenerator|Spore,SludgeBomb,RagePowder,Protect|||M|||50|,,,,,Water]Chien-Pao||FocusSash|SwordofRuin|IceSpinner,SuckerPunch,ThroatChop,Protect||||||50|,,,,,Stellar]Urshifu-Rapid-Strike||MysticWater|UnseenFist|SurgingStrikes,CloseCombat,AquaJet,Detect|||F|||50|,,,,,Grass]Pelipper||CovertCloak|Drizzle|WeatherBall,Hurricane,WideGuard,Tailwind|||M|||50|,,,,,Grass\n|inactive|Battle timer is ON: inactive players will automatically lose when time's up. (requested by Diabolical Intent)\n|inactive|WithoutHands has 60 seconds left.\n|\n|t:|1746053733\n|start\n|switch|p1a: Whimsicott|Whimsicott, L50, F|100/100\n|switch|p1b: Walking Wake|Walking Wake, L50|100/100\n|switch|p2a: Zamazenta|Zamazenta-Crowned, L50|100/100\n|switch|p2b: Amoonguss|Amoonguss, L50, M|100/100\n|-ability|p2a: Zamazenta|Dauntless Shield|boost\n|-boost|p2a: Zamazenta|def|1\n|turn|1\n|\n|t:|1746053746\n|move|p1b: Walking Wake|Protect|p1b: Walking Wake\n|-singleturn|p1b: Walking Wake|Protect\n|move|p1a: Whimsicott|Sunny Day|p1a: Whimsicott\n|-weather|SunnyDay\n|-activate|p1b: Walking Wake|ability: Protosynthesis\n|-start|p1b: Walking Wake|protosynthesisspe\n|move|p2a: Zamazenta|Behemoth Bash|p1a: Whimsicott\n|-supereffective|p1a: Whimsicott\n|-crit|p1a: Whimsicott\n|-enditem|p1a: Whimsicott|Focus Sash\n|-damage|p1a: Whimsicott|1/100\n|move|p2b: Amoonguss|Sludge Bomb|p1a: Whimsicott\n|-supereffective|p1a: Whimsicott\n|-damage|p1a: Whimsicott|0 fnt\n|faint|p1a: Whimsicott\n|\n|-weather|SunnyDay|[upkeep]\n|upkeep\n|\n|t:|1746053750\n|switch|p1a: Chi-Yu|Chi-Yu, L50|100/100\n|-ability|p1a: Chi-Yu|Beads of Ruin\n|turn|2\n|\n|t:|1746053773\n|switch|p2b: Pelipper|Pelipper, L50, M|100/100\n|-weather|RainDance|[from] ability: Drizzle|[of] p2b: Pelipper\n|-end|p1b: Walking Wake|Protosynthesis\n|move|p1a: Chi-Yu|Dark Pulse|p2b: Pelipper\n|-damage|p2b: Pelipper|17/100\n|move|p1b: Walking Wake|Weather Ball|p2b: Pelipper\n|-resisted|p2b: Pelipper\n|-damage|p2b: Pelipper|0 fnt\n|faint|p2b: Pelipper\n|-damage|p1b: Walking Wake|91/100|[from] item: Life Orb\n|move|p2a: Zamazenta|Body Press|p1a: Chi-Yu\n|-supereffective|p1a: Chi-Yu\n|-damage|p1a: Chi-Yu|0 fnt\n|faint|p1a: Chi-Yu\n|\n|-weather|RainDance|[upkeep]\n|upkeep\n|inactive|WithoutHands has 30 seconds left.\n|\n|t:|1746053798\n|switch|p1a: Koraidon|Koraidon, L50|100/100\n|switch|p2b: Calyrex|Calyrex-Shadow, L50|100/100\n|-ability|p2b: Calyrex|As One\n|-ability|p2b: Calyrex|Unnerve\n|-weather|SunnyDay|[from] ability: Orichalcum Pulse|[of] p1a: Koraidon\n|-activate|p1b: Walking Wake|ability: Protosynthesis\n|-start|p1b: Walking Wake|protosynthesisspe\n|-activate|p1a: Koraidon|Orichalcum Pulse|[source]\n|turn|3\n|inactive|Diabolical Intent has 30 seconds left.\n|inactive|WithoutHands has 30 seconds left.\n|inactive|Diabolical Intent has 20 seconds left.\n|inactive|Diabolical Intent has 15 seconds left.\n|inactive|WithoutHands has 20 seconds left.\n|inactive|Diabolical Intent has 10 seconds left.\n|inactive|WithoutHands has 15 seconds left.\n|inactive|Diabolical Intent has 5 seconds left.\n|\n|t:|1746053854\n|-terastallize|p1b: Walking Wake|Fire\n|move|p1b: Walking Wake|Weather Ball|p2b: Calyrex\n|-damage|p2b: Calyrex|4/100\n|-damage|p1b: Walking Wake|81/100|[from] item: Life Orb\n|move|p2b: Calyrex|Astral Barrage|p1b: Walking Wake|[spread] p1a,p1b\n|-damage|p1a: Koraidon|49/100\n|-damage|p1b: Walking Wake|2/100\n|-damage|p2b: Calyrex|0 fnt|[from] item: Life Orb\n|faint|p2b: Calyrex\n|move|p1a: Koraidon|Flare Blitz|p2a: Zamazenta\n|-supereffective|p2a: Zamazenta\n|-damage|p2a: Zamazenta|28/100\n|-damage|p1a: Koraidon|28/100|[from] Recoil\n|move|p2a: Zamazenta|Body Press|p1b: Walking Wake\n|-damage|p1b: Walking Wake|0 fnt\n|faint|p1b: Walking Wake\n|-end|p1b: Walking Wake|Protosynthesis|[silent]\n|\n|-weather|SunnyDay|[upkeep]\n|upkeep\n|-message|Diabolical Intent forfeited.\n|\n|win|WithoutHands\n|l|\u2606Diabolical Intent\n|player|p1|\n||Diabolical Intent is ready for game 2.\n|inactive|WithoutHands has 30 seconds to confirm battle start!\n||WithoutHands is ready for game 2.\n|uhtml|next|Next: <a href=\"/battle-gen9vgc2025regibo3-2354293652\"><strong>Game 2 of 3</strong></a>\n", "uploadtime": 1746054026, "views": 10, "formatid": "gen9vgc2025regibo3", "rating": null, "private": 0, "password": null}