{"id": "gen9vgc2025regibo3-2354376631", "format": "[Gen 9] VGC 2025 Reg I (Bo3)", "players": ["Fireball'n777", "Master of Capture"], "log": "|j|\u2606Fireball'n777\n|j|\u203dMaster of Capture\n|html|<table width=\"100%\"><tr><td align=\"left\">Fireball&apos;n777</td><td align=\"right\">Master of Capture</tr><tr><td align=\"left\"><i class=\"fa fa-circle-o\"></i> <i class=\"fa fa-circle-o\"></i> </td><td align=\"right\"><i class=\"fa fa-circle-o\"></i> <i class=\"fa fa-circle-o\"></i> </tr></table>\n|uhtml|bestof|<h2><strong>Game 1</strong> of <a href=\"/game-bestof3-gen9vgc2025regibo3-2354376630\">a best-of-3</a></h2>\n|t:|1746063790\n|gametype|doubles\n|player|p1|Fireball'n777|gentleman-gen4dp|1149\n|player|p2|Master of Capture|265|1127\n|teamsize|p1|6\n|teamsize|p2|6\n|gen|9\n|tier|[Gen 9] VGC 2025 Reg I (Bo3)\n|rated|\n|rule|Species Clause: Limit one of each Pok\u00e9mon\n|rule|Item Clause: Limit 1 of each item\n|clearpoke\n|poke|p1|Calyrex-Ice, L50|\n|poke|p1|Koraidon, L50|\n|poke|p1|Flutter Mane, L50|\n|poke|p1|Raging Bolt, L50|\n|poke|p1|Rillaboom, L50, M|\n|poke|p1|Incineroar, L50, F|\n|poke|p2|Incineroar, L50, M|\n|poke|p2|Zamazenta-*, L50|\n|poke|p2|Cresselia, L50, F|\n|poke|p2|Urshifu-*, L50, F|\n|poke|p2|Amoonguss, L50, F|\n|poke|p2|Lunala, L50|\n|teampreview|4\n|showteam|p1|Calyrex-Ice||ClearAmulet|AsOneGlastrier|GlacialLance,HighHorsepower,TrickRoom,Protect||||||50|,,,,,Water]Koraidon||LifeOrb|OrichalcumPulse|FlareBlitz,ScaleShot,CollisionCourse,Protect||||||50|,,,,,Fire]Flutter Mane||FocusSash|Protosynthesis|Moonblast,IcyWind,Taunt,Protect||||||50|,,,,,Normal]Raging Bolt||AssaultVest|Protosynthesis|Thunder,DracoMeteor,Thunderclap,Snarl||||||50|,,,,,Fairy]Rillaboom||MiracleSeed|GrassySurge|GrassyGlide,WoodHammer,FakeOut,Uturn|||M|||50|,,,,,Grass]Incineroar||SafetyGoggles|Intimidate|FlareBlitz,KnockOff,PartingShot,FakeOut|||F|||50|,,,,,Fairy\n|showteam|p2|Incineroar||SitrusBerry|Intimidate|Taunt,FlareBlitz,KnockOff,FakeOut|||M|||50|,,,,,Ghost]Zamazenta-Crowned||RustedShield|DauntlessShield|IronDefense,WideGuard,HeavySlam,BodyPress||||||50|,,,,,Grass]Cresselia||LightClay|Levitate|Reflect,LightScreen,LunarBlessing,Psychic|||F|||50|,,,,,Dark]Urshifu-Rapid-Strike||ChoiceScarf|UnseenFist|CloseCombat,SurgingStrikes,AquaJet,Coaching|||F|||50|,,,,,Water]Amoonguss||RockyHelmet|Regenerator|Protect,RagePowder,PollenPuff,Spore|||F|||50|,,,,,Water]Lunala||PowerHerb|ShadowShield|Tailwind,MeteorBeam,MoongeistBeam,WideGuard||||||50|,,,,,Dark\n|inactive|Battle timer is ON: inactive players will automatically lose when time's up. (requested by Master of Capture)\n|\n|t:|1746063812\n|start\n|switch|p1a: Koraidon|Koraidon, L50|100/100\n|switch|p1b: Flutter Mane|Flutter Mane, L50|100/100\n|switch|p2a: Cresselia|Cresselia, L50, F|100/100\n|switch|p2b: Incineroar|Incineroar, L50, M|100/100\n|-weather|SunnyDay|[from] ability: Orichalcum Pulse|[of] p1a: Koraidon\n|-activate|p1b: Flutter Mane|ability: Protosynthesis\n|-start|p1b: Flutter Mane|protosynthesisspe\n|-activate|p1a: Koraidon|Orichalcum Pulse|[source]\n|-ability|p2b: Incineroar|Intimidate|boost\n|-unboost|p1a: Koraidon|atk|1\n|-unboost|p1b: Flutter Mane|atk|1\n|turn|1\n|\n|t:|1746063836\n|-terastallize|p1a: Koraidon|Fire\n|move|p2b: Incineroar|Fake Out|p1a: Koraidon\n|-damage|p1a: Koraidon|89/100\n|move|p1b: Flutter Mane|Taunt|p2a: Cresselia\n|-start|p2a: Cresselia|move: Taunt\n|cant|p1a: Koraidon|flinch\n|cant|p2a: Cresselia|move: Taunt|Reflect\n|\n|-weather|SunnyDay|[upkeep]\n|upkeep\n|turn|2\n|inactive|Fireball'n777 has 30 seconds left.\n|\n|t:|1746063864\n|switch|p2a: Lunala|Lunala, L50|100/100\n|move|p1b: Flutter Mane|Moonblast|p2b: Incineroar\n|-damage|p2b: Incineroar|66/100\n|-unboost|p2b: Incineroar|spa|1\n|move|p1a: Koraidon|Collision Course|p2b: Incineroar\n|-supereffective|p2b: Incineroar\n|-damage|p2b: Incineroar|0 fnt\n|faint|p2b: Incineroar\n|-damage|p1a: Koraidon|79/100|[from] item: Life Orb\n|\n|-weather|SunnyDay|[upkeep]\n|upkeep\n|\n|t:|1746063880\n|switch|p2b: Cresselia|Cresselia, L50, F|100/100\n|turn|3\n|\n|t:|1746063903\n|move|p1b: Flutter Mane|Moonblast|p2a: Lunala\n|-damage|p2a: Lunala|85/100\n|-unboost|p2a: Lunala|spa|1\n|move|p1a: Koraidon|Flare Blitz|p2a: Lunala\n|-damage|p2a: Lunala|0 fnt\n|faint|p2a: Lunala\n|-damage|p1a: Koraidon|40/100|[from] Recoil\n|-damage|p1a: Koraidon|31/100|[from] item: Life Orb\n|move|p2b: Cresselia|Psychic|p1b: Flutter Mane\n|-damage|p1b: Flutter Mane|73/100\n|-unboost|p1b: Flutter Mane|spd|1\n|\n|-weather|SunnyDay|[upkeep]\n|upkeep\n|\n|t:|1746063910\n|switch|p2a: Zamazenta|Zamazenta-Crowned, L50|100/100\n|-ability|p2a: Zamazenta|Dauntless Shield|boost\n|-boost|p2a: Zamazenta|def|1\n|turn|4\n|-message|Master of Capture forfeited.\n|\n|win|Fireball'n777\n|l|\u203dMaster of Capture\n|player|p2|\n", "uploadtime": 1746063918, "views": 9, "formatid": "gen9vgc2025regibo3", "rating": null, "private": 0, "password": null}