{"id": "gen9vgc2025regibo3-2354356896", "format": "[Gen 9] VGC 2025 Reg I (Bo3)", "players": ["spongebob601", "boilt"], "log": "|j|\u2606spongebob601\n|j|\u2606boilt\n|html|<table width=\"100%\"><tr><td align=\"left\">spongebob601</td><td align=\"right\">boilt</tr><tr><td align=\"left\"><i class=\"fa fa-circle-o\"></i> <i class=\"fa fa-circle-o\"></i> </td><td align=\"right\"><i class=\"fa fa-circle-o\"></i> <i class=\"fa fa-circle-o\"></i> </tr></table>\n|uhtml|bestof|<h2><strong>Game 1</strong> of <a href=\"/game-bestof3-gen9vgc2025regibo3-2354356895\">a best-of-3</a></h2>\n|t:|1746061386\n|gametype|doubles\n|player|p1|spongebob601|170|1095\n|player|p2|boilt|1|1010\n|teamsize|p1|6\n|teamsize|p2|6\n|gen|9\n|tier|[Gen 9] VGC 2025 Reg I (Bo3)\n|rated|\n|rule|Species Clause: Limit one of each Pok\u00e9mon\n|rule|Item Clause: Limit 1 of each item\n|clearpoke\n|poke|p1|Calyrex-Shadow, L50|\n|poke|p1|Zamazenta-*, L50|\n|poke|p1|Incineroar, L50, M|\n|poke|p1|Raging Bolt, L50|\n|poke|p1|Gothitelle, L50, M|\n|poke|p1|Grimmsnarl, L50, M|\n|poke|p2|Rayquaza, L50|\n|poke|p2|Zamazenta-*, L50|\n|poke|p2|Malamar, L50, M|\n|poke|p2|Tornadus, L50, M|\n|poke|p2|Incineroar, L50, M|\n|poke|p2|Raichu, L50, F|\n|teampreview|4\n|showteam|p1|Calyrex-Shadow||SitrusBerry|AsOneSpectrier|Snarl,AstralBarrage,Protect,Substitute||||||50|,,,,,Dragon]Zamazenta-Crowned||RustedShield|DauntlessShield|BodyPress,IronDefense,Snarl,WideGuard||||||50|,,,,,Dragon]Incineroar||AguavBerry|Intimidate|KnockOff,PartingShot,FakeOut,WillOWisp|||M|||50|,,,,,Dragon]Raging Bolt||AssaultVest|Protosynthesis|Thunderclap,BreakingSwipe,DragonPulse,Snarl||||||50|,,,,,Fairy]Gothitelle||Leftovers|ShadowTag|FakeOut,Psyshock,Protect,HealPulse|||M|||50|,,,,,Poison]Grimmsnarl||LightClay|Prankster|LightScreen,Reflect,SpiritBreak,ThunderWave|||M|||50|,,,,,Ghost\n|showteam|p2|Rayquaza||ClearAmulet|AirLock|ExtremeSpeed,DragonAscent,Protect,DracoMeteor||||||50|,,,,,Fairy]Zamazenta-Crowned||RustedShield|DauntlessShield|BodyPress,Coaching,WideGuard,HeavySlam||||||50|,,,,,Fighting]Malamar||LightClay|Contrary|SkillSwap,LightScreen,Reflect,KnockOff|||M|||50|,,,,,Dark]Tornadus||CovertCloak|Prankster|Tailwind,Taunt,Protect,WeatherBall|||M|||50|,,,,,Flying]Incineroar||SafetyGoggles|Blaze|WillOWisp,KnockOff,FakeOut,FlareBlitz|||M|||50|,,,,,Fire]Raichu||FocusSash|LightningRod|FakeOut,Nuzzle,VoltSwitch,Endeavor|||F|||50|,,,,,Electric\n|inactive|Battle timer is ON: inactive players will automatically lose when time's up. (requested by spongebob601)\n|\n|t:|1746061450\n|start\n|switch|p1a: Zamazenta|Zamazenta-Crowned, L50|100/100\n|switch|p1b: Calyrex|Calyrex-Shadow, L50|100/100\n|switch|p2a: Incineroar|Incineroar, L50, M|100/100\n|switch|p2b: Tornadus|Tornadus, L50, M|100/100\n|-ability|p1b: Calyrex|As One\n|-ability|p1b: Calyrex|Unnerve\n|-ability|p1a: Zamazenta|Dauntless Shield|boost\n|-boost|p1a: Zamazenta|def|1\n|turn|1\n|inactive|boilt has 30 seconds left.\n|\n|t:|1746061480\n|move|p1b: Calyrex|Protect|p1b: Calyrex\n|-singleturn|p1b: Calyrex|Protect\n|move|p2a: Incineroar|Fake Out|p1a: Zamazenta\n|-resisted|p1a: Zamazenta\n|-damage|p1a: Zamazenta|97/100\n|move|p2b: Tornadus|Taunt|p1b: Calyrex\n|-activate|p1b: Calyrex|move: Protect\n|cant|p1a: Zamazenta|flinch\n|\n|upkeep\n|turn|2\n|\n|t:|1746061495\n|-terastallize|p1b: Calyrex|Dragon\n|move|p2b: Tornadus|Tailwind|p2b: Tornadus\n|-sidestart|p2: boilt|move: Tailwind\n|move|p1b: Calyrex|Astral Barrage|p2a: Incineroar|[spread] p2a,p2b\n|-resisted|p2a: Incineroar\n|-damage|p2a: Incineroar|74/100\n|-damage|p2b: Tornadus|61/100\n|move|p2a: Incineroar|Knock Off|p1b: Calyrex\n|-damage|p1b: Calyrex|51/100\n|-enditem|p1b: Calyrex|Sitrus Berry|[from] move: Knock Off|[of] p2a: Incineroar\n|move|p1a: Zamazenta|Body Press|p2a: Incineroar\n|-supereffective|p2a: Incineroar\n|-damage|p2a: Incineroar|0 fnt\n|faint|p2a: Incineroar\n|\n|upkeep\n|\n|t:|1746061509\n|switch|p2a: Malamar|Malamar, L50, M|100/100\n|turn|3\n|\n|t:|1746061531\n|switch|p2b: Rayquaza|Rayquaza, L50|100/100\n|-ability|p2b: Rayquaza|Air Lock\n|move|p1b: Calyrex|Protect|p1b: Calyrex\n|-singleturn|p1b: Calyrex|Protect\n|move|p2a: Malamar|Skill Swap|p2b: Rayquaza\n|-activate|p2a: Malamar|move: Skill Swap|||[of] p2b: Rayquaza\n|move|p1a: Zamazenta|Body Press|p2a: Malamar\n|-damage|p2a: Malamar|49/100\n|\n|upkeep\n|turn|4\n|inactive|spongebob601 has 30 seconds left.\n|\n|t:|1746061561\n|-terastallize|p2b: Rayquaza|Fairy\n|move|p2b: Rayquaza|Dragon Ascent|p1b: Calyrex\n|-damage|p1b: Calyrex|0 fnt\n|-boost|p2b: Rayquaza|def|1\n|-boost|p2b: Rayquaza|spd|1\n|faint|p1b: Calyrex\n|move|p2a: Malamar|Light Screen|p2a: Malamar\n|-sidestart|p2: boilt|move: Light Screen\n|move|p1a: Zamazenta|Body Press|p2b: Rayquaza\n|-resisted|p2b: Rayquaza\n|-damage|p2b: Rayquaza|77/100\n|\n|upkeep\n|l|\u2606spongebob601\n|inactive|spongebob601 disconnected and has a minute to reconnect!\n|player|p1|\n|inactive|spongebob601 has 30 seconds left.\n|inactive|spongebob601 has 20 seconds left.\n|inactive|spongebob601 has 15 seconds left.\n|inactive|spongebob601 has 10 seconds left.\n|inactive|spongebob601 has 5 seconds left.\n|-message|spongebob601 lost due to inactivity.\n|\n|win|boilt\n||boilt is ready for game 2.\n|inactive|spongebob601 has 15 seconds to reconnect!\n|inactive|spongebob601 has 5 seconds to reconnect!\n|raw|spongebob601's rating: 1095 &rarr; <strong>1065</strong><br />(-30 for losing)\n|raw|boilt's rating: 1010 &rarr; <strong>1058</strong><br />(+48 for winning)\n", "uploadtime": 1746061893, "views": 8, "formatid": "gen9vgc2025regibo3", "rating": 1058, "private": 0, "password": null}