{"id": "gen9vgc2025regibo3-2353474642", "format": "[Gen 9] VGC 2025 Reg I (Bo3)", "players": ["Snivii", "DragonflyWarrior"], "log": "|j|\u2606Snivii\n|j|\u2606DragonflyWarrior\n|html|<table width=\"100%\"><tr><td align=\"left\">Snivii</td><td align=\"right\">DragonflyWarrior</tr><tr><td align=\"left\"><i class=\"fa fa-circle\"></i> <i class=\"fa fa-circle-o\"></i> </td><td align=\"right\"><i class=\"fa fa-circle-o\"></i> <i class=\"fa fa-circle\"></i> </tr></table>\n|uhtml|bestof|<h2><strong>Game 3</strong> of <a href=\"/game-bestof3-gen9vgc2025regibo3-2353471524\">a best-of-3</a></h2>\n|t:|1745959312\n|gametype|doubles\n|player|p1|Snivii|169|1185\n|player|p2|DragonflyWarrior|iris-gen5bw2|1096\n|teamsize|p1|6\n|teamsize|p2|6\n|gen|9\n|tier|[Gen 9] VGC 2025 Reg I (Bo3)\n|rated|\n|rule|Species Clause: Limit one of each Pok\u00e9mon\n|rule|Item Clause: Limit 1 of each item\n|clearpoke\n|poke|p1|Zamazenta-*, L50|\n|poke|p1|Miraidon, L50|\n|poke|p1|Volbeat, L50, M|\n|poke|p1|Chi-Yu, L50|\n|poke|p1|Flutter Mane, L50|\n|poke|p1|Landorus, L50, M|\n|poke|p2|Krookodile, L50, M|\n|poke|p2|Kyurem-White, L50|\n|poke|p2|Ninetales-Alola, L50, M|\n|poke|p2|Zamazenta-*, L50|\n|poke|p2|Urshifu-*, L50, M|\n|poke|p2|Sandslash-Alola, L50, M|\n|teampreview|4\n|showteam|p1|Zamazenta-Crowned||RustedShield|DauntlessShield|BodyPress,behemothbash,WideGuard,IronDefense||||||50|,,,,,Water]Miraidon||ChoiceSpecs|HadronEngine|ElectroDrift,VoltSwitch,DazzlingGleam,DracoMeteor||||||50|,,,,,Electric]Volbeat||MentalHerb|Prankster|Pounce,Tailwind,Encore,SunnyDay|||M|||50|,,,,,Ghost]Chi-Yu||ChoiceScarf|BeadsofRuin|HeatWave,Overheat,DarkPulse,Snarl||||||50|,,,,,Ghost]Flutter Mane||FocusSash|Protosynthesis|Moonblast,IcyWind,PerishSong,Protect||||||50|,,,,,Fairy]Landorus||LifeOrb|SheerForce|EarthPower,SludgeBomb,WeatherBall,Protect|||M|||50|,,,,,Poison\n|showteam|p2|Krookodile||AbilityShield|Intimidate|Crunch,KnockOff,Earthquake,Protect|||M|||50|,,,,,Stellar]Kyurem-White||AssaultVest|Turboblaze|Blizzard,EarthPower,DracoMeteor,FusionFlare||||||50|,,,,,Ghost]Ninetales-Alola||FocusSash|SnowWarning|AuroraVeil,Moonblast,FreezeDry,Blizzard|||M|||50|,,,,,Stellar]Zamazenta-Crowned||RustedShield|DauntlessShield|BodyPress,behemothbash,IronDefense,Protect||||||50|,,,,,Psychic]Urshifu||LifeOrb|UnseenFist|WickedBlow,CloseCombat,Detect,SuckerPunch|||M|||50|,,,,,Stellar]Sandslash-Alola||RockyHelmet|SlushRush|Earthquake,Protect,IronHead,IceSpinner|||M|||50|,,,,,Ground\n|\n|t:|1745959327\n|start\n|switch|p1a: Volbeat|Volbeat, L50, M|100/100\n|switch|p1b: Miraidon|Miraidon, L50|100/100\n|switch|p2a: Ninetales|Ninetales-Alola, L50, M|100/100\n|switch|p2b: Shiver|Sandslash-Alola, L50, M|100/100\n|-fieldstart|move: Electric Terrain|[from] ability: Hadron Engine|[of] p1b: Miraidon\n|-weather|Snowscape|[from] ability: Snow Warning|[of] p2a: Ninetales\n|turn|1\n|\n|t:|1745959343\n|-terastallize|p2b: Shiver|Ground\n|move|p1a: Volbeat|Sunny Day|p1a: Volbeat\n|-weather|SunnyDay\n|move|p1b: Miraidon|Volt Switch|p2a: Ninetales\n|-enditem|p2a: Ninetales|Focus Sash\n|-damage|p2a: Ninetales|1/100\n|\n|t:|1745959349\n|switch|p1b: Zamazenta|Zamazenta-Crowned, L50|100/100|[from] Volt Switch\n|-ability|p1b: Zamazenta|Dauntless Shield|boost\n|-boost|p1b: Zamazenta|def|1\n|move|p2a: Ninetales|Aurora Veil||[still]\n|-fail|p2a: Ninetales\n|move|p2b: Shiver|Ice Spinner|p1b: Zamazenta\n|-resisted|p1b: Zamazenta\n|-damage|p1b: Zamazenta|92/100\n|-fieldend|move: Electric Terrain\n|\n|-weather|SunnyDay|[upkeep]\n|upkeep\n|turn|2\n|\n|t:|1745959364\n|switch|p2a: Zamazenta|Zamazenta-Crowned, L50|100/100\n|-ability|p2a: Zamazenta|Dauntless Shield|boost\n|-boost|p2a: Zamazenta|def|1\n|move|p1a: Volbeat|Encore||[still]\n|-fail|p1a: Volbeat\n|move|p1b: Zamazenta|Iron Defense|p1b: Zamazenta\n|-boost|p1b: Zamazenta|def|2\n|move|p2b: Shiver|Earthquake|p1a: Volbeat|[spread] p2a,p1a,p1b\n|-supereffective|p2a: Zamazenta\n|-resisted|p1a: Volbeat\n|-supereffective|p1b: Zamazenta\n|-damage|p2a: Zamazenta|67/100\n|-damage|p1a: Volbeat|79/100\n|-damage|p1b: Zamazenta|75/100\n|\n|-weather|SunnyDay|[upkeep]\n|upkeep\n|turn|3\n|\n|t:|1745959383\n|switch|p2b: Ninetales|Ninetales-Alola, L50, M|1/100\n|-weather|Snowscape|[from] ability: Snow Warning|[of] p2b: Ninetales\n|move|p1a: Volbeat|Encore||[still]\n|-fail|p1a: Volbeat\n|move|p2a: Zamazenta|Body Press|p1b: Zamazenta\n|-supereffective|p1b: Zamazenta\n|-damage|p1b: Zamazenta|38/100\n|move|p1b: Zamazenta|Body Press|p2a: Zamazenta\n|-supereffective|p2a: Zamazenta\n|-damage|p2a: Zamazenta|0 fnt\n|faint|p2a: Zamazenta\n|\n|-weather|Snowscape|[upkeep]\n|upkeep\n|\n|t:|1745959395\n|switch|p2a: Shiver|Sandslash-Alola, L50, M, tera:Ground|100/100\n|turn|4\n|\n|t:|1745959402\n|move|p1a: Volbeat|Tailwind|p1a: Volbeat\n|-sidestart|p1: Snivii|move: Tailwind\n|move|p1b: Zamazenta|Body Press|p2a: Shiver\n|-damage|p2a: Shiver|0 fnt\n|-damage|p1b: Zamazenta|22/100|[from] item: Rocky Helmet|[of] p2a: Shiver\n|faint|p2a: Shiver\n|move|p2b: Ninetales|Blizzard|p1b: Zamazenta|[spread] p1a,p1b\n|-resisted|p1b: Zamazenta\n|-damage|p1a: Volbeat|42/100\n|-damage|p1b: Zamazenta|11/100\n|\n|-weather|Snowscape|[upkeep]\n|upkeep\n|\n|t:|1745959412\n|switch|p2a: Kyurem|Kyurem-White, L50|100/100\n|-ability|p2a: Kyurem|Turboblaze\n|turn|5\n|\n|t:|1745959418\n|move|p1b: Zamazenta|Body Press|p2a: Kyurem\n|-supereffective|p2a: Kyurem\n|-damage|p2a: Kyurem|0 fnt\n|faint|p2a: Kyurem\n|move|p1a: Volbeat|Pounce|p2b: Ninetales\n|-resisted|p2b: Ninetales\n|-damage|p2b: Ninetales|0 fnt\n|faint|p2b: Ninetales\n|\n|win|Snivii\n|raw|Snivii's rating: 1185 &rarr; <strong>1204</strong><br />(+19 for winning)\n|raw|DragonflyWarrior's rating: 1096 &rarr; <strong>1078</strong><br />(-18 for losing)\n|c|\u2606Snivii|gg\n|l|\u2606DragonflyWarrior\n|player|p2|\n|l|\u2606Snivii\n|player|p1|\n", "uploadtime": 1745959788, "views": 6, "formatid": "gen9vgc2025regibo3", "rating": 1078, "private": 0, "password": null}