{"id": "gen9vgc2025regibo3-2355038623", "format": "[Gen 9] VGC 2025 Reg I (Bo3)", "players": ["HEDGEHOGMEOW", "storyswaphermanos"], "log": "|j|\u2606HEDGEHOGMEOW\n|j|\u2606storyswaphermanos\n|html|<table width=\"100%\"><tr><td align=\"left\">HEDGEHOGMEOW</td><td align=\"right\">storyswaphermanos</tr><tr><td align=\"left\"><i class=\"fa fa-circle-o\"></i> <i class=\"fa fa-circle-o\"></i> </td><td align=\"right\"><i class=\"fa fa-circle-o\"></i> <i class=\"fa fa-circle-o\"></i> </tr></table>\n|uhtml|bestof|<h2><strong>Game 1</strong> of <a href=\"/game-bestof3-gen9vgc2025regibo3-2355038618\">a best-of-3</a></h2>\n|t:|1746144995\n|gametype|doubles\n|player|p1|HEDGEHOGMEOW|266|1284\n|player|p2|storyswaphermanos|1|1224\n|teamsize|p1|6\n|teamsize|p2|6\n|gen|9\n|tier|[Gen 9] VGC 2025 Reg I (Bo3)\n|rated|\n|rule|Species Clause: Limit one of each Pok\u00e9mon\n|rule|Item Clause: Limit 1 of each item\n|clearpoke\n|poke|p1|Groudon, L50|\n|poke|p1|Zacian-*, L50|\n|poke|p1|Incineroar, L50, F|\n|poke|p1|Raging Bolt, L50|\n|poke|p1|Grimmsnarl, L50, M|\n|poke|p1|Flutter Mane, L50|\n|poke|p2|Dialga-Origin, L50|\n|poke|p2|Landorus-Therian, L50, M|\n|poke|p2|Ho-Oh, L50|\n|poke|p2|Rillaboom, L50, F|\n|poke|p2|Flutter Mane, L50|\n|poke|p2|Rotom-Wash, L50|\n|teampreview|4\n|showteam|p1|Groudon||ClearAmulet|Drought|PrecipiceBlades,HeatCrash,Protect,HelpingHand||||||50|,,,,,Fire]Zacian-Crowned||RustedSword|IntrepidSword|behemothblade,PlayRough,Protect,SacredSword||||||50|,,,,,Water]Incineroar||SafetyGoggles|Intimidate|FakeOut,PartingShot,KnockOff,FlareBlitz|||F|||50|,,,,,Ghost]Raging Bolt||AssaultVest|Protosynthesis|Thunderclap,Snarl,Thunderbolt,DragonPulse||||||50|,,,,,Fairy]Grimmsnarl||LightClay|Prankster|ThunderWave,LightScreen,Reflect,SpiritBreak|||M|||50|,,,,,Ghost]Flutter Mane||BoosterEnergy|Protosynthesis|Protect,ShadowBall,Moonblast,IcyWind||||||50|,,,,,Normal\n|showteam|p2|Dialga-Origin||AdamantCrystal|Telepathy|DracoMeteor,FlashCannon,EarthPower,Protect||||||50|,,,,,Fairy]Landorus-Therian||LifeOrb|Intimidate|Earthquake,StompingTantrum,RockSlide,Protect|||M|||50|,,,,,Water]Ho-Oh||ClearAmulet|Regenerator|SacredFire,BraveBird,Tailwind,Protect||||||50|,,,,,Water]Rillaboom||AssaultVest|GrassySurge|FakeOut,WoodHammer,GrassyGlide,KnockOff|||F|||50|,,,,,Fire]Flutter Mane||ChoiceSpecs|Protosynthesis|DazzlingGleam,Moonblast,EnergyBall,ShadowBall||||||50|,,,,,Fairy]Rotom-Wash||SitrusBerry|Levitate|Thunderbolt,HydroPump,WillOWisp,Protect||||||50|,,,,,Fire\n|inactive|Battle timer is ON: inactive players will automatically lose when time's up. (requested by HEDGEHOGMEOW)\n|inactive|HEDGEHOGMEOW has 60 seconds left.\n|inactive|HEDGEHOGMEOW has 30 seconds left.\n|inactive|HEDGEHOGMEOW has 20 seconds left.\n|inactive|HEDGEHOGMEOW has 15 seconds left.\n|inactive|HEDGEHOGMEOW has 10 seconds left.\n|\n|t:|1746145082\n|start\n|switch|p1a: Groudon|Groudon, L50|100/100\n|switch|p1b: Flutter Mane|Flutter Mane, L50|100/100\n|switch|p2a: Ho-Oh|Ho-Oh, L50|100/100\n|switch|p2b: Flutter Mane|Flutter Mane, L50|100/100\n|-weather|SunnyDay|[from] ability: Drought|[of] p1a: Groudon\n|-activate|p1b: Flutter Mane|ability: Protosynthesis\n|-start|p1b: Flutter Mane|protosynthesisspe\n|-activate|p2b: Flutter Mane|ability: Protosynthesis\n|-start|p2b: Flutter Mane|protosynthesisspa\n|turn|1\n|inactive|HEDGEHOGMEOW has 30 seconds left.\n|inactive|storyswaphermanos has 30 seconds left.\n|inactive|HEDGEHOGMEOW has 20 seconds left.\n|inactive|storyswaphermanos has 20 seconds left.\n|inactive|HEDGEHOGMEOW has 15 seconds left.\n|inactive|storyswaphermanos has 15 seconds left.\n|\n|t:|1746145123\n|-end|p1b: Flutter Mane|Protosynthesis|[silent]\n|switch|p1b: Raging Bolt|Raging Bolt, L50|100/100\n|-activate|p1b: Raging Bolt|ability: Protosynthesis\n|-start|p1b: Raging Bolt|protosynthesisspa\n|-terastallize|p1a: Groudon|Fire\n|move|p2b: Flutter Mane|Energy Ball|p1a: Groudon\n|-resisted|p1a: Groudon\n|-damage|p1a: Groudon|73/100\n|move|p2a: Ho-Oh|Sacred Fire|p1b: Raging Bolt\n|-resisted|p1b: Raging Bolt\n|-damage|p1b: Raging Bolt|71/100\n|-status|p1b: Raging Bolt|brn\n|move|p1a: Groudon|Heat Crash|p2b: Flutter Mane\n|-damage|p2b: Flutter Mane|0 fnt\n|faint|p2b: Flutter Mane\n|-end|p2b: Flutter Mane|Protosynthesis|[silent]\n|\n|-weather|SunnyDay|[upkeep]\n|-damage|p1b: Raging Bolt|65/100 brn|[from] brn\n|upkeep\n|\n|t:|1746145134\n|switch|p2b: Landorus|Landorus-Therian, L50, M|100/100\n|-ability|p2b: Landorus|Intimidate|boost\n|-fail|p1a: Groudon|unboost|[from] item: Clear Amulet|[of] p1a: Groudon\n|-unboost|p1b: Raging Bolt|atk|1\n|turn|2\n|inactive|HEDGEHOGMEOW has 30 seconds left.\n|\n|t:|1746145168\n|move|p1b: Raging Bolt|Thunderclap||[still]\n|-fail|p1b: Raging Bolt\n|move|p2a: Ho-Oh|Tailwind|p2a: Ho-Oh\n|-sidestart|p2: storyswaphermanos|move: Tailwind\n|move|p2b: Landorus|Earthquake|p1b: Raging Bolt|[spread] p1a,p1b\n|-immune|p2a: Ho-Oh\n|-supereffective|p1a: Groudon\n|-supereffective|p1b: Raging Bolt\n|-damage|p1a: Groudon|0 fnt\n|-damage|p1b: Raging Bolt|0 fnt\n|faint|p1a: Groudon\n|faint|p1b: Raging Bolt\n|-end|p1b: Raging Bolt|Protosynthesis|[silent]\n|-damage|p2b: Landorus|91/100|[from] item: Life Orb\n|\n|-weather|SunnyDay|[upkeep]\n|upkeep\n|\n|t:|1746145183\n|switch|p1a: Flutter Mane|Flutter Mane, L50|100/100\n|switch|p1b: Zacian|Zacian-Crowned, L50|100/100\n|-ability|p1b: Zacian|Intrepid Sword|boost\n|-boost|p1b: Zacian|atk|1\n|-activate|p1a: Flutter Mane|ability: Protosynthesis\n|-start|p1a: Flutter Mane|protosynthesisspe\n|turn|3\n|\n|t:|1746145200\n|-terastallize|p2b: Landorus|Water\n|move|p1b: Zacian|Protect|p1b: Zacian\n|-singleturn|p1b: Zacian|Protect\n|move|p1a: Flutter Mane|Icy Wind|p2b: Landorus|[spread] p2a,p2b\n|-resisted|p2b: Landorus\n|-damage|p2a: Ho-Oh|93/100\n|-damage|p2b: Landorus|84/100\n|-unboost|p2b: Landorus|spe|1\n|move|p2a: Ho-Oh|Sacred Fire|p1b: Zacian\n|-activate|p1b: Zacian|move: Protect\n|move|p2b: Landorus|Earthquake|p1b: Zacian|[spread] p1a\n|-activate|p1b: Zacian|move: Protect\n|-immune|p2a: Ho-Oh\n|-damage|p1a: Flutter Mane|12/100\n|-damage|p2b: Landorus|74/100|[from] item: Life Orb\n|\n|-weather|SunnyDay|[upkeep]\n|upkeep\n|turn|4\n|inactive|HEDGEHOGMEOW has 30 seconds left.\n|inactive|HEDGEHOGMEOW has 20 seconds left.\n|\n|t:|1746145236\n|move|p1a: Flutter Mane|Shadow Ball|p2a: Ho-Oh\n|-damage|p2a: Ho-Oh|72/100\n|move|p2a: Ho-Oh|Sacred Fire|p1a: Flutter Mane\n|-damage|p1a: Flutter Mane|0 fnt\n|faint|p1a: Flutter Mane\n|-end|p1a: Flutter Mane|Protosynthesis|[silent]\n|move|p1b: Zacian|Play Rough|p2b: Landorus\n|-damage|p2b: Landorus|0 fnt\n|faint|p2b: Landorus\n|\n|-weather|SunnyDay|[upkeep]\n|upkeep\n|inactive|storyswaphermanos has 30 seconds left.\n|j| Chonkyidiot\n|inactive|storyswaphermanos has 20 seconds left.\n|inactive|storyswaphermanos has 15 seconds left.\n|inactive|storyswaphermanos has 10 seconds left.\n|l|\u2606HEDGEHOGMEOW\n|inactive|HEDGEHOGMEOW disconnected and has a minute to reconnect!\n|player|p1|\n|inactive|storyswaphermanos has 5 seconds left.\n|j|\u2606HEDGEHOGMEOW\n|inactive|HEDGEHOGMEOW reconnected.\n|player|p1|HEDGEHOGMEOW|266|\n|\n|t:|1746145291\n|switch|p2b: Rotom|Rotom-Wash, L50|100/100\n|turn|5\n|inactive|storyswaphermanos has 30 seconds left.\n|\n|t:|1746145317\n|move|p1b: Zacian|Protect|p1b: Zacian\n|-singleturn|p1b: Zacian|Protect\n|move|p2a: Ho-Oh|Sacred Fire|p1b: Zacian\n|-activate|p1b: Zacian|move: Protect\n|move|p2b: Rotom|Thunderbolt|p1b: Zacian\n|-activate|p1b: Zacian|move: Protect\n|\n|-weather|none\n|-sideend|p2: storyswaphermanos|move: Tailwind\n|upkeep\n|turn|6\n|\n|t:|1746145329\n|move|p1b: Zacian|Play Rough|p2b: Rotom\n|-damage|p2b: Rotom|32/100\n|-enditem|p2b: Rotom|Sitrus Berry|[eat]\n|-heal|p2b: Rotom|57/100|[from] item: Sitrus Berry\n|move|p2a: Ho-Oh|Sacred Fire|p1b: Zacian\n|-supereffective|p1b: Zacian\n|-damage|p1b: Zacian|16/100\n|move|p2b: Rotom|Thunderbolt|p1b: Zacian\n|-damage|p1b: Zacian|0 fnt\n|faint|p1b: Zacian\n|\n|win|storyswaphermanos\n||storyswaphermanos is ready for game 2.\n|inactive|HEDGEHOGMEOW has 29 seconds to confirm battle start!\n|l|\u2606storyswaphermanos\n|player|p2|\n||HEDGEHOGMEOW is ready for game 2.\n|uhtml|next|Next: <a href=\"/battle-gen9vgc2025regibo3-2355041616\"><strong>Game 2 of 3</strong></a>\n|j|\u2606storyswaphermanos\n|player|p2|storyswaphermanos|1|\n|l|\u2606HEDGEHOGMEOW\n|player|p1|\n|l| Chonkyidiot\n", "uploadtime": 1746145688, "views": 19, "formatid": "gen9vgc2025regibo3", "rating": null, "private": 0, "password": null}