{"id": "gen9vgc2025regibo3-2353959445", "format": "[Gen 9] VGC 2025 Reg I (Bo3)", "players": ["casperTJM", "zisar"], "log": "|j|\u2606casperTJM\n|j|\u2606zisar\n|html|<table width=\"100%\"><tr><td align=\"left\">casperTJM</td><td align=\"right\">zisar</tr><tr><td align=\"left\"><i class=\"fa fa-circle-o\"></i> <i class=\"fa fa-circle-o\"></i> </td><td align=\"right\"><i class=\"fa fa-circle-o\"></i> <i class=\"fa fa-circle-o\"></i> </tr></table>\n|uhtml|bestof|<h2><strong>Game 1</strong> of <a href=\"/game-bestof3-gen9vgc2025regibo3-2353959444\">a best-of-3</a></h2>\n|t:|1746022725\n|gametype|doubles\n|player|p1|casperTJM|backpacker|1112\n|player|p2|zisar|blue|1182\n|teamsize|p1|6\n|teamsize|p2|6\n|gen|9\n|tier|[Gen 9] VGC 2025 Reg I (Bo3)\n|rated|\n|rule|Species Clause: Limit one of each Pok\u00e9mon\n|rule|Item Clause: Limit 1 of each item\n|clearpoke\n|poke|p1|Miraidon, L50|\n|poke|p1|Groudon, L50|\n|poke|p1|Iron Valiant, L50|\n|poke|p1|Chien-Pao, L50|\n|poke|p1|Ogerpon-Cornerstone, L50, F|\n|poke|p1|Sableye, L50, F|\n|poke|p2|Terapagos, L50, M|\n|poke|p2|Ho-Oh, L50|\n|poke|p2|Rillaboom, L50, M|\n|poke|p2|Raging Bolt, L50|\n|poke|p2|Basculegion, L50, M|\n|poke|p2|Iron Valiant, L50|\n|teampreview|4\n|showteam|p1|Miraidon||LifeOrb|HadronEngine|Protect,Discharge,DracoMeteor,VoltSwitch||||||50|,,,,,Electric]Groudon||ClearAmulet|Drought|Protect,PrecipiceBlades,HighHorsepower,HeatCrash||||||50|,,,,,Ground]Iron Valiant||BoosterEnergy|QuarkDrive|Protect,KnockOff,Hypnosis,WideGuard||||||50|,,,,,Dark]Chien-Pao||FocusSash|SwordofRuin|Protect,SuckerPunch,IceSpinner,SacredSword||||||50|,,,,,Stellar]Ogerpon-Cornerstone||CornerstoneMask|Sturdy|SpikyShield,IvyCudgel,PowerWhip,FollowMe|||F|||50|,,,,,Rock]Sableye||EjectButton|Prankster|FakeOut,FoulPlay,Gravity,Encore|||F|||50|,,,,,Normal\n|showteam|p2|Terapagos||Leftovers|TeraShift|TeraStarstorm,EarthPower,CalmMind,Protect|||M|||50|,,,,,Stellar]Ho-Oh||RockyHelmet|Regenerator|SacredFire,BraveBird,Tailwind,Protect||||||50|,,,,,Grass]Rillaboom||AssaultVest|GrassySurge|HighHorsepower,GrassyGlide,WoodHammer,FakeOut|||M|||50|,,,,,Fire]Raging Bolt||BoosterEnergy|Protosynthesis|Thunderbolt,Thunderclap,DracoMeteor,Protect||||||50|,,,,,Electric]Basculegion||ChoiceScarf|Adaptability|LastRespects,WaveCrash,AquaJet,FlipTurn|||M|||50|,,,,,Water]Iron Valiant||FocusSash|QuarkDrive|Protect,CloseCombat,Encore,SpiritBreak||||||50|,,,,,Ghost\n|inactive|Battle timer is ON: inactive players will automatically lose when time's up. (requested by zisar)\n|inactive|casperTJM has 60 seconds left.\n|\n|t:|1746022770\n|start\n|switch|p1a: Miraidon|Miraidon, L50|100/100\n|switch|p1b: Ogerpon|Ogerpon-Cornerstone, L50, F|100/100\n|switch|p2a: Iron Valiant|Iron Valiant, L50|100/100\n|switch|p2b: Ho-Oh|Ho-Oh, L50, shiny|100/100\n|-fieldstart|move: Electric Terrain|[from] ability: Hadron Engine|[of] p1a: Miraidon\n|-activate|p2a: Iron Valiant|ability: Quark Drive\n|-start|p2a: Iron Valiant|quarkdrivespe\n|turn|1\n|inactive|casperTJM has 30 seconds left.\n|inactive|casperTJM has 20 seconds left.\n|inactive|casperTJM has 15 seconds left.\n|inactive|casperTJM has 10 seconds left.\n|inactive|casperTJM has 5 seconds left.\n|\n|t:|1746022824\n|-terastallize|p1b: Ogerpon|Rock\n|detailschange|p1b: Ogerpon|Ogerpon-Cornerstone-Tera, L50, F, tera:Rock\n|-ability|p1b: Ogerpon|Embody Aspect (Cornerstone)|boost\n|-boost|p1b: Ogerpon|def|1\n|move|p2b: Ho-Oh|Protect|p2b: Ho-Oh\n|-singleturn|p2b: Ho-Oh|Protect\n|move|p2a: Iron Valiant|Close Combat|p1b: Ogerpon\n|-supereffective|p1b: Ogerpon\n|-damage|p1b: Ogerpon|8/100\n|-unboost|p2a: Iron Valiant|def|1\n|-unboost|p2a: Iron Valiant|spd|1\n|move|p1a: Miraidon|Volt Switch|p2a: Iron Valiant\n|-enditem|p2a: Iron Valiant|Focus Sash\n|-damage|p2a: Iron Valiant|1/100\n|-damage|p1a: Miraidon|91/100|[from] item: Life Orb\n|\n|t:|1746022834\n|switch|p1a: Chien-Pao|Chien-Pao, L50|100/100|[from] Volt Switch\n|-ability|p1a: Chien-Pao|Sword of Ruin\n|move|p1b: Ogerpon|Ivy Cudgel|p2b: Ho-Oh|[anim] Ivy Cudgel Rock\n|-activate|p2b: Ho-Oh|move: Protect\n|\n|upkeep\n|turn|2\n|\n|t:|1746022857\n|switch|p2b: Rillaboom|Rillaboom, L50, M|100/100\n|-fieldstart|move: Grassy Terrain|[from] ability: Grassy Surge|[of] p2b: Rillaboom\n|-end|p2a: Iron Valiant|Quark Drive\n|move|p2a: Iron Valiant|Protect|p2a: Iron Valiant\n|-singleturn|p2a: Iron Valiant|Protect\n|move|p1a: Chien-Pao|Sucker Punch||[still]\n|-fail|p1a: Chien-Pao\n|move|p1b: Ogerpon|Ivy Cudgel|p2b: Rillaboom|[anim] Ivy Cudgel Rock\n|-damage|p2b: Rillaboom|6/100\n|\n|-heal|p2a: Iron Valiant|7/100|[from] Grassy Terrain\n|-heal|p1b: Ogerpon|13/100|[from] Grassy Terrain\n|-heal|p2b: Rillaboom|12/100|[from] Grassy Terrain\n|upkeep\n|turn|3\n|\n|t:|1746022880\n|move|p1a: Chien-Pao|Protect|p1a: Chien-Pao\n|-singleturn|p1a: Chien-Pao|Protect\n|move|p1b: Ogerpon|Spiky Shield|p1b: Ogerpon\n|-singleturn|p1b: Ogerpon|move: Protect\n|move|p2b: Rillaboom|Grassy Glide|p1b: Ogerpon\n|-activate|p1b: Ogerpon|move: Protect\n|-damage|p2b: Rillaboom|0 fnt|[from] Spiky Shield|[of] p1b: Ogerpon\n|faint|p2b: Rillaboom\n|move|p2a: Iron Valiant|Close Combat|p1b: Ogerpon\n|-activate|p1b: Ogerpon|move: Protect\n|-damage|p2a: Iron Valiant|0 fnt|[from] Spiky Shield|[of] p1b: Ogerpon\n|faint|p2a: Iron Valiant\n|-end|p2a: Iron Valiant|Quark Drive|[silent]\n|\n|-heal|p1b: Ogerpon|19/100|[from] Grassy Terrain\n|upkeep\n|-message|zisar forfeited.\n|\n|win|casperTJM\n|l|\u2606zisar\n|player|p2|\n|raw|casperTJM's rating: 1112 &rarr; <strong>1142</strong><br />(+30 for winning)\n|raw|zisar's rating: 1182 &rarr; <strong>1152</strong><br />(-30 for losing)\n|c|\u2606casperTJM|Ain't no way\n", "uploadtime": 1746022977, "views": 27, "formatid": "gen9vgc2025regibo3", "rating": 1142, "private": 0, "password": null}