{"id": "gen9vgc2025regibo3-2353931689", "format": "[Gen 9] VGC 2025 Reg I (Bo3)", "players": ["sergio23perez", "GlickWithAGlock"], "log": "|j|\u2606sergio23perez\n|j|\u2606GlickWithAGlock\n|html|<table width=\"100%\"><tr><td align=\"left\">sergio23perez</td><td align=\"right\">GlickWithAGlock</tr><tr><td align=\"left\"><i class=\"fa fa-circle\"></i> <i class=\"fa fa-circle-o\"></i> </td><td align=\"right\"><i class=\"fa fa-circle-o\"></i> <i class=\"fa fa-circle-o\"></i> </tr></table>\n|uhtml|bestof|<h2><strong>Game 2</strong> of <a href=\"/game-bestof3-gen9vgc2025regibo3-2353927905\">a best-of-3</a></h2>\n|t:|1746020102\n|gametype|doubles\n|player|p1|sergio23perez|1|1175\n|player|p2|GlickWithAGlock|alder|1273\n|teamsize|p1|6\n|teamsize|p2|6\n|gen|9\n|tier|[Gen 9] VGC 2025 Reg I (Bo3)\n|rated|\n|rule|Species Clause: Limit one of each Pok\u00e9mon\n|rule|Item Clause: Limit 1 of each item\n|clearpoke\n|poke|p1|Koraidon, L50|\n|poke|p1|Lunala, L50|\n|poke|p1|Chi-Yu, L50|\n|poke|p1|Indeedee-F, L50, F|\n|poke|p1|Brute Bonnet, L50|\n|poke|p1|Flutter Mane, L50|\n|poke|p2|Urshifu-*, L50, M|\n|poke|p2|Iron Hands, L50|\n|poke|p2|Tornadus, L50, M|\n|poke|p2|Farigiraf, L50, F|\n|poke|p2|Miraidon, L50|\n|poke|p2|Kyogre, L50|\n|teampreview|4\n|showteam|p1|Koraidon||LifeOrb|OrichalcumPulse|FlareBlitz,FlameCharge,CloseCombat,Protect||||||50|,,,,,Fire]Lunala||PowerHerb|ShadowShield|MoongeistBeam,MeteorBeam,WideGuard,ExpandingForce||||||50|,,,,,Fairy]Chi-Yu||ChoiceScarf|BeadsofRuin|Overheat,HeatWave,DarkPulse,Snarl||||||50|,,,,,Ghost]Indeedee-F||SafetyGoggles|PsychicSurge|FollowMe,TrickRoom,Imprison,DazzlingGleam|||F|||50|,,,,,Water]Brute Bonnet||CovertCloak|Protosynthesis|SeedBomb,SuckerPunch,Spore,RagePowder||||||50|,,,,,Water]Flutter Mane||FocusSash|Protosynthesis|Moonblast,IcyWind,ShadowBall,Protect||||||50|,,,,,Normal\n|showteam|p2|Urshifu-Rapid-Strike||ChoiceScarf|UnseenFist|SurgingStrikes,Uturn,CloseCombat,AquaJet|||M|||50|,,,,,Water]Iron Hands||AssaultVest|QuarkDrive|FakeOut,DrainPunch,LowKick,WildCharge||||||50|,,,,,Water]Tornadus||AbilityShield|Prankster|Tailwind,BleakwindStorm,RainDance,Protect|||M|||50|,,,,,Dark]Farigiraf||ElectricSeed|ArmorTail|Psychic,FoulPlay,HelpingHand,TrickRoom|||F|||50|,,,,,Water]Miraidon||ChoiceSpecs|HadronEngine|VoltSwitch,DazzlingGleam,ElectroDrift,DracoMeteor||||||50|,,,,,Fairy]Kyogre||MysticWater|Drizzle|WaterSpout,OriginPulse,IceBeam,Protect||||||50|,,,,,Grass\n|inactive|Battle timer is ON: inactive players will automatically lose when time's up. (requested by sergio23perez)\n|inactive|sergio23perez has 60 seconds left.\n|\n|t:|1746020148\n|start\n|switch|p1a: Lunala|Lunala, L50|100/100\n|switch|p1b: Flutter Mane|Flutter Mane, L50|100/100\n|switch|p2a: Miraidon|Miraidon, L50|100/100\n|switch|p2b: Farigiraf|Farigiraf, L50, F|100/100\n|-fieldstart|move: Electric Terrain|[from] ability: Hadron Engine|[of] p2a: Miraidon\n|-enditem|p2b: Farigiraf|Electric Seed\n|-boost|p2b: Farigiraf|def|1|[from] item: Electric Seed\n|turn|1\n|inactive|sergio23perez has 30 seconds left.\n|inactive|GlickWithAGlock has 30 seconds left.\n|inactive|GlickWithAGlock has 20 seconds left.\n|inactive|GlickWithAGlock has 15 seconds left.\n|inactive|GlickWithAGlock has 10 seconds left.\n|\n|t:|1746020197\n|-terastallize|p2a: Miraidon|Fairy\n|move|p1b: Flutter Mane|Moonblast|p2a: Miraidon\n|-damage|p2a: Miraidon|60/100\n|move|p2a: Miraidon|Volt Switch|p1a: Lunala\n|-damage|p1a: Lunala|67/100\n|\n|t:|1746020206\n|switch|p2a: Iron Hands|Iron Hands, L50|100/100|[from] Volt Switch\n|-activate|p2a: Iron Hands|ability: Quark Drive\n|-start|p2a: Iron Hands|quarkdriveatk\n|move|p1a: Lunala|Meteor Beam||[still]\n|-prepare|p1a: Lunala|Meteor Beam\n|-boost|p1a: Lunala|spa|1\n|-enditem|p1a: Lunala|Power Herb\n|-anim|p1a: Lunala|Meteor Beam|p2a: Iron Hands\n|-resisted|p2a: Iron Hands\n|-damage|p2a: Iron Hands|84/100\n|move|p2b: Farigiraf|Trick Room|p2b: Farigiraf\n|-fieldstart|move: Trick Room|[of] p2b: Farigiraf\n|\n|upkeep\n|turn|2\n|inactive|GlickWithAGlock has 30 seconds left.\n|\n|t:|1746020233\n|move|p2a: Iron Hands|Wild Charge|p1a: Lunala\n|-damage|p1a: Lunala|0 fnt\n|faint|p1a: Lunala\n|-damage|p2a: Iron Hands|68/100|[from] Recoil\n|move|p2b: Farigiraf|Foul Play|p1b: Flutter Mane\n|-damage|p1b: Flutter Mane|75/100\n|move|p1b: Flutter Mane|Moonblast|p2a: Iron Hands\n|-supereffective|p2a: Iron Hands\n|-crit|p2a: Iron Hands\n|-damage|p2a: Iron Hands|0 fnt\n|faint|p2a: Iron Hands\n|-end|p2a: Iron Hands|Quark Drive|[silent]\n|\n|upkeep\n|\n|t:|1746020249\n|switch|p2a: Miraidon|Miraidon, L50, tera:Fairy|60/100\n|switch|p1a: Koraidon|Koraidon, L50|100/100\n|-activate|p2a: Miraidon|ability: Hadron Engine\n|-weather|SunnyDay|[from] ability: Orichalcum Pulse|[of] p1a: Koraidon\n|-activate|p1b: Flutter Mane|ability: Protosynthesis\n|-start|p1b: Flutter Mane|protosynthesisspe\n|-activate|p1a: Koraidon|Orichalcum Pulse|[source]\n|turn|3\n|\n|t:|1746020269\n|-end|p1b: Flutter Mane|Protosynthesis|[silent]\n|switch|p1b: Indeedee|Indeedee-F, L50, F|100/100\n|-fieldstart|move: Psychic Terrain|[from] ability: Psychic Surge|[of] p1b: Indeedee\n|-terastallize|p1a: Koraidon|Fire\n|move|p2b: Farigiraf|Psychic|p1a: Koraidon\n|-damage|p1a: Koraidon|57/100\n|move|p2a: Miraidon|Dazzling Gleam|p1b: Indeedee|[spread] p1a,p1b\n|-resisted|p1a: Koraidon\n|-damage|p1a: Koraidon|35/100\n|-damage|p1b: Indeedee|58/100\n|move|p1a: Koraidon|Flare Blitz|p2b: Farigiraf\n|-damage|p2b: Farigiraf|0 fnt\n|faint|p2b: Farigiraf\n|-damage|p1a: Koraidon|0 fnt|[from] Recoil\n|faint|p1a: Koraidon\n|\n|-weather|SunnyDay|[upkeep]\n|upkeep\n|inactive|sergio23perez has 30 seconds left.\n|\n|t:|1746020295\n|switch|p2b: Kyogre|Kyogre, L50, shiny|100/100\n|switch|p1a: Flutter Mane|Flutter Mane, L50|75/100\n|-weather|RainDance|[from] ability: Drizzle|[of] p2b: Kyogre\n|turn|4\n|\n|t:|1746020311\n|move|p1b: Indeedee|Dazzling Gleam|p2b: Kyogre|[spread] p2a,p2b\n|-damage|p2a: Miraidon|49/100\n|-damage|p2b: Kyogre|91/100\n|move|p2b: Kyogre|Water Spout|p1a: Flutter Mane|[spread] p1a,p1b\n|-damage|p1a: Flutter Mane|0 fnt\n|-damage|p1b: Indeedee|0 fnt\n|faint|p1a: Flutter Mane\n|-end|p1a: Flutter Mane|Protosynthesis|[silent]\n|faint|p1b: Indeedee\n|\n|win|GlickWithAGlock\n|inactive|sergio23perez has 30 seconds to confirm battle start!\n|inactive|GlickWithAGlock has 30 seconds to confirm battle start!\n||sergio23perez is ready for game 3.\n|inactive|GlickWithAGlock has 20 seconds to confirm battle start!\n||GlickWithAGlock is ready for game 3.\n|uhtml|next|Next: <a href=\"/battle-gen9vgc2025regibo3-2353933982\"><strong>Game 3 of 3</strong></a>\n|l|\u2606sergio23perez\n|player|p1|\n", "uploadtime": 1746020323, "views": 6, "formatid": "gen9vgc2025regibo3", "rating": null, "private": 0, "password": null}