{"id": "gen9vgc2025regibo3-2354414301", "format": "[Gen 9] VGC 2025 Reg I (Bo3)", "players": ["slyabby", "Halotowers"], "log": "|j|\u2606slyabby\n|j|\u2606Halotowers\n|html|<table width=\"100%\"><tr><td align=\"left\">slyabby</td><td align=\"right\">Halotowers</tr><tr><td align=\"left\"><i class=\"fa fa-circle\"></i> <i class=\"fa fa-circle-o\"></i> </td><td align=\"right\"><i class=\"fa fa-circle-o\"></i> <i class=\"fa fa-circle-o\"></i> </tr></table>\n|uhtml|bestof|<h2><strong>Game 2</strong> of <a href=\"/game-bestof3-gen9vgc2025regibo3-2354411968\">a best-of-3</a></h2>\n|t:|1746068465\n|gametype|doubles\n|player|p1|slyabby|cynthia-gen4|\n|player|p2|Halotowers|allister|\n|teamsize|p1|6\n|teamsize|p2|6\n|gen|9\n|tier|[Gen 9] VGC 2025 Reg I (Bo3)\n|rule|Species Clause: Limit one of each Pok\u00e9mon\n|rule|Item Clause: Limit 1 of each item\n|clearpoke\n|poke|p1|Koraidon, L50|\n|poke|p1|Lunala, L50|\n|poke|p1|Brute Bonnet, L50|\n|poke|p1|Flutter Mane, L50|\n|poke|p1|Chi-Yu, L50|\n|poke|p1|Ogerpon-Hearthflame, L50, F|\n|poke|p2|Calyrex-Shadow, L50|\n|poke|p2|Koraidon, L50|\n|poke|p2|Chi-Yu, L50|\n|poke|p2|Ogerpon-Cornerstone, L50, F|\n|poke|p2|Iron Hands, L50|\n|poke|p2|Whimsicott, L50, F|\n|teampreview|4\n|showteam|p1|Koraidon||LifeOrb|OrichalcumPulse|CloseCombat,FlameCharge,FlareBlitz,Protect||||||50|,,,,,Fire]Lunala||PowerHerb|ShadowShield|MoongeistBeam,MeteorBeam,WideGuard,TrickRoom||||||50|,,,,,Water]Brute Bonnet||CovertCloak|Protosynthesis|SeedBomb,SuckerPunch,Spore,RagePowder||||||50|,,,,,Water]Flutter Mane||FocusSash|Protosynthesis|Moonblast,ShadowBall,IcyWind,Taunt||||||50|,,,,,Normal]Chi-Yu||ChoiceScarf|BeadsofRuin|Overheat,DarkPulse,HeatWave,Snarl||||||50|,,,,,Ghost]Ogerpon-Hearthflame||HearthflameMask|MoldBreaker|IvyCudgel,WoodHammer,FollowMe,SpikyShield|||F|||50|,,,,,Fire\n|showteam|p2|Calyrex-Shadow||CovertCloak|AsOneSpectrier|AstralBarrage,Psychic,PollenPuff,Protect||||||50|,,,,,Water]Koraidon||ClearAmulet|OrichalcumPulse|CollisionCourse,FlameCharge,BreakingSwipe,Protect||||||50|,,,,,Fire]Chi-Yu||ChoiceScarf|BeadsofRuin|TeraBlast,Snarl,DarkPulse,HeatWave||||||50|,,,,,Ground]Ogerpon-Cornerstone||CornerstoneMask|Sturdy|IvyCudgel,Taunt,FollowMe,SpikyShield|||F|||50|,,,,,Rock]Iron Hands||AssaultVest|QuarkDrive|FakeOut,LowKick,HeavySlam,WildCharge||||||50|,,,,,Fire]Whimsicott||FocusSash|Prankster|Moonblast,Tailwind,Encore,FakeTears|||F|||50|,,,,,Ghost\n|inactive|Battle timer is ON: inactive players will automatically lose when time's up. (requested by slyabby)\n|inactive|slyabby has 60 seconds left.\n|inactive|Halotowers has 60 seconds left.\n|\n|t:|1746068510\n|start\n|switch|p1a: Koraidon|Koraidon, L50|100/100\n|switch|p1b: Flutter Mane|Flutter Mane, L50|100/100\n|switch|p2a: Chi-Yu|Chi-Yu, L50|100/100\n|switch|p2b: Whimsicott|Whimsicott, L50, F|100/100\n|-ability|p2a: Chi-Yu|Beads of Ruin\n|-weather|SunnyDay|[from] ability: Orichalcum Pulse|[of] p1a: Koraidon\n|-activate|p1b: Flutter Mane|ability: Protosynthesis\n|-start|p1b: Flutter Mane|protosynthesisspe\n|-activate|p1a: Koraidon|Orichalcum Pulse|[source]\n|turn|1\n|inactive|Halotowers has 30 seconds left.\n|inactive|Halotowers has 20 seconds left.\n|\n|t:|1746068545\n|move|p1b: Flutter Mane|Icy Wind|p2b: Whimsicott|[spread] p2a,p2b\n|-resisted|p2a: Chi-Yu\n|-supereffective|p2b: Whimsicott\n|-damage|p2a: Chi-Yu|92/100\n|-damage|p2b: Whimsicott|36/100\n|-unboost|p2a: Chi-Yu|spe|1\n|-unboost|p2b: Whimsicott|spe|1\n|move|p1a: Koraidon|Close Combat|p2a: Chi-Yu\n|-supereffective|p2a: Chi-Yu\n|-damage|p2a: Chi-Yu|0 fnt\n|-unboost|p1a: Koraidon|def|1\n|-unboost|p1a: Koraidon|spd|1\n|faint|p2a: Chi-Yu\n|-damage|p1a: Koraidon|91/100|[from] item: Life Orb\n|move|p2b: Whimsicott|Moonblast|p1a: Koraidon\n|-supereffective|p1a: Koraidon\n|-damage|p1a: Koraidon|0 fnt\n|faint|p1a: Koraidon\n|\n|-weather|SunnyDay|[upkeep]\n|upkeep\n|\n|t:|1746068563\n|switch|p1a: Lunala|Lunala, L50, shiny|100/100\n|switch|p2a: Iron Hands|Iron Hands, L50|100/100\n|turn|2\n|inactive|Halotowers has 30 seconds left.\n|inactive|Halotowers has 20 seconds left.\n|inactive|Halotowers has 15 seconds left.\n|\n|t:|1746068604\n|move|p1b: Flutter Mane|Moonblast|p2a: Iron Hands\n|-supereffective|p2a: Iron Hands\n|-damage|p2a: Iron Hands|42/100\n|move|p2b: Whimsicott|Moonblast|p1b: Flutter Mane\n|-damage|p1b: Flutter Mane|63/100\n|-unboost|p1b: Flutter Mane|spa|1\n|move|p1a: Lunala|Moongeist Beam|p2b: Whimsicott\n|-damage|p2b: Whimsicott|0 fnt\n|faint|p2b: Whimsicott\n|move|p2a: Iron Hands|Heavy Slam|p1a: Lunala\n|-damage|p1a: Lunala|88/100\n|\n|-weather|SunnyDay|[upkeep]\n|upkeep\n|\n|t:|1746068606\n|switch|p2b: Calyrex|Calyrex-Shadow, L50|100/100\n|-ability|p2b: Calyrex|As One\n|-ability|p2b: Calyrex|Unnerve\n|turn|3\n|inactive|slyabby has 30 seconds left.\n|\n|t:|1746068631\n|-terastallize|p2b: Calyrex|Water\n|move|p1a: Lunala|Wide Guard|p1a: Lunala\n|-singleturn|p1a: Lunala|Wide Guard\n|move|p1b: Flutter Mane|Moonblast|p2a: Iron Hands\n|-supereffective|p2a: Iron Hands\n|-damage|p2a: Iron Hands|5/100\n|move|p2b: Calyrex|Pollen Puff|p2a: Iron Hands\n|-heal|p2a: Iron Hands|55/100\n|move|p2a: Iron Hands|Low Kick|p1b: Flutter Mane\n|-immune|p1b: Flutter Mane\n|\n|-weather|SunnyDay|[upkeep]\n|upkeep\n|turn|4\n|inactive|slyabby has 30 seconds left.\n|inactive|slyabby has 20 seconds left.\n|inactive|slyabby has 15 seconds left.\n|inactive|slyabby has 10 seconds left.\n|inactive|slyabby has 5 seconds left.\n|\n|t:|1746068681\n|move|p1b: Flutter Mane|Moonblast|p2a: Iron Hands\n|-supereffective|p2a: Iron Hands\n|-damage|p2a: Iron Hands|15/100\n|move|p2b: Calyrex|Astral Barrage|p1b: Flutter Mane|[spread] p1a,p1b\n|-supereffective|p1a: Lunala\n|-crit|p1a: Lunala\n|-supereffective|p1b: Flutter Mane\n|-damage|p1a: Lunala|0 fnt\n|-damage|p1b: Flutter Mane|0 fnt\n|faint|p1a: Lunala\n|faint|p1b: Flutter Mane\n|-end|p1b: Flutter Mane|Protosynthesis|[silent]\n|-ability|p2b: Calyrex|Grim Neigh|boost\n|-boost|p2b: Calyrex|spa|2\n|move|p2a: Iron Hands|Wild Charge|p1: Lunala|[notarget]\n|-fail|p2a: Iron Hands\n|\n|-weather|SunnyDay|[upkeep]\n|upkeep\n|\n|t:|1746068692\n|switch|p1a: Brute Bonnet|Brute Bonnet, L50|100/100\n|-activate|p1a: Brute Bonnet|ability: Protosynthesis\n|-start|p1a: Brute Bonnet|protosynthesisdef\n|turn|5\n|-message|slyabby forfeited.\n|\n|win|Halotowers\n||slyabby is ready for game 3.\n|inactive|Halotowers has 30 seconds to confirm battle start!\n||Halotowers is ready for game 3.\n|uhtml|next|Next: <a href=\"/battle-gen9vgc2025regibo3-2354416253\"><strong>Game 3 of 3</strong></a>\n", "uploadtime": 1746068699, "views": 8, "formatid": "gen9vgc2025regibo3", "rating": null, "private": 0, "password": null}