{"id": "gen9vgc2025regibo3-2354470456", "format": "[Gen 9] VGC 2025 Reg I (Bo3)", "players": ["Redrog1", "Gworf"], "log": "|j|\u2606Redrog1\n|j|\u2606Gworf\n|html|<table width=\"100%\"><tr><td align=\"left\">Redrog1</td><td align=\"right\">Gworf</tr><tr><td align=\"left\"><i class=\"fa fa-circle\"></i> <i class=\"fa fa-circle-o\"></i> </td><td align=\"right\"><i class=\"fa fa-circle-o\"></i> <i class=\"fa fa-circle-o\"></i> </tr></table>\n|uhtml|bestof|<h2><strong>Game 2</strong> of <a href=\"/game-bestof3-gen9vgc2025regibo3-2354468541\">a best-of-3</a></h2>\n|t:|1746076784\n|gametype|doubles\n|player|p1|Redrog1|dancer|1081\n|player|p2|Gworf|acetrainer-gen4dp|1089\n|teamsize|p1|6\n|teamsize|p2|6\n|gen|9\n|tier|[Gen 9] VGC 2025 Reg I (Bo3)\n|rated|\n|rule|Species Clause: Limit one of each Pok\u00e9mon\n|rule|Item Clause: Limit 1 of each item\n|clearpoke\n|poke|p1|Pawmot, L50, M|\n|poke|p1|Calyrex-Ice, L50|\n|poke|p1|Miraidon, L50|\n|poke|p1|Incineroar, L50, M|\n|poke|p1|Whimsicott, L50, M|\n|poke|p1|Gastrodon-East, L50, M|\n|poke|p2|Zamazenta-*, L50|\n|poke|p2|Calyrex-Shadow, L50|\n|poke|p2|Rillaboom, L50, M|\n|poke|p2|Ogerpon-Cornerstone, L50, F|\n|poke|p2|Tornadus, L50, M|\n|poke|p2|Ninetales, L50, M|\n|teampreview|4\n|showteam|p1|Pawmot||FocusSash|VoltAbsorb|FakeOut,Protect,Electroweb,Nuzzle|||M|||50|,,,,,Water]Calyrex-Ice||ClearAmulet|AsOneGlastrier|GlacialLance,Protect,HighHorsepower,TrickRoom||||||50|,,,,,Ground]Miraidon||ChoiceSpecs|HadronEngine|ElectroDrift,DazzlingGleam,Overheat,VoltSwitch||||||50|,,,,,Fairy]Incineroar||RockyHelmet|Intimidate|Snarl,FlareBlitz,FakeOut,PartingShot|||M|||50|,,,,,Grass]Whimsicott||CovertCloak|Prankster|Tailwind,Taunt,DazzlingGleam,LightScreen|||M|||50|,,,,,Dark]Gastrodon-East||Leftovers|StormDrain|MuddyWater,Protect,ClearSmog,EarthPower|||M|||50|,,,,,Fire\n|showteam|p2|Zamazenta-Crowned||RustedShield|DauntlessShield|behemothbash,BodyPress,WideGuard,Protect||||||50|,,,,,Water]Calyrex-Shadow||FocusSash|AsOneSpectrier|AstralBarrage,Disable,Encore,Protect||||||50|,,,,,Ghost]Rillaboom||AssaultVest|GrassySurge|FakeOut,GrassyGlide,WoodHammer,Uturn|||M|||50|,,,,,Grass]Ogerpon-Cornerstone||CornerstoneMask|Sturdy|IvyCudgel,GrassyGlide,FollowMe,SpikyShield|||F|||50|,,,,,Rock]Tornadus||MentalHerb|Prankster|Tailwind,BleakwindStorm,Taunt,Substitute|||M|||50|,,,,,Ghost]Ninetales||LifeOrb|Drought|HeatWave,FireBlast,HelpingHand,Protect|||M|||50|,,,,,Fire\n|inactive|Battle timer is ON: inactive players will automatically lose when time's up. (requested by Gworf)\n|inactive|Gworf has 60 seconds left.\n|\n|t:|1746076845\n|start\n|switch|p1a: Incineroar|Incineroar, L50, M|100/100\n|switch|p1b: Miraidon|Miraidon, L50|100/100\n|switch|p2a: Rillaboom|Rillaboom, L50, M|100/100\n|switch|p2b: Calyrex|Calyrex-Shadow, L50|100/100\n|-ability|p2b: Calyrex|As One\n|-ability|p2b: Calyrex|Unnerve\n|-fieldstart|move: Electric Terrain|[from] ability: Hadron Engine|[of] p1b: Miraidon\n|-fieldstart|move: Grassy Terrain|[from] ability: Grassy Surge|[of] p2a: Rillaboom\n|-ability|p1a: Incineroar|Intimidate|boost\n|-unboost|p2a: Rillaboom|atk|1\n|-unboost|p2b: Calyrex|atk|1\n|turn|1\n|\n|t:|1746076868\n|switch|p1b: Whimsicott|Whimsicott, L50, M|100/100\n|-terastallize|p2b: Calyrex|Ghost\n|move|p2a: Rillaboom|Fake Out|p1b: Whimsicott\n|-damage|p1b: Whimsicott|91/100\n|move|p2b: Calyrex|Astral Barrage|p1a: Incineroar|[spread] p1a,p1b\n|-resisted|p1a: Incineroar\n|-damage|p1a: Incineroar|64/100\n|-damage|p1b: Whimsicott|0 fnt\n|faint|p1b: Whimsicott\n|-ability|p2b: Calyrex|Grim Neigh|boost\n|-boost|p2b: Calyrex|spa|1\n|move|p1a: Incineroar|Snarl|p2a: Rillaboom|[spread] p2a,p2b\n|-supereffective|p2b: Calyrex\n|-damage|p2a: Rillaboom|93/100\n|-damage|p2b: Calyrex|77/100\n|-unboost|p2a: Rillaboom|spa|1\n|-unboost|p2b: Calyrex|spa|1\n|\n|-heal|p2b: Calyrex|83/100|[from] Grassy Terrain\n|-heal|p2a: Rillaboom|99/100|[from] Grassy Terrain\n|-heal|p1a: Incineroar|70/100|[from] Grassy Terrain\n|upkeep\n|inactive|Redrog1 has 30 seconds left.\n|\n|t:|1746076895\n|switch|p1b: Calyrex|Calyrex-Ice, L50|100/100\n|-ability|p1b: Calyrex|As One\n|-ability|p1b: Calyrex|Unnerve\n|turn|2\n|inactive|Gworf has 30 seconds left.\n|inactive|Gworf has 20 seconds left.\n|\n|t:|1746076938\n|move|p1b: Calyrex|Protect|p1b: Calyrex\n|-singleturn|p1b: Calyrex|Protect\n|move|p2b: Calyrex|Astral Barrage|p1b: Calyrex|[spread] p1a\n|-activate|p1b: Calyrex|move: Protect\n|-resisted|p1a: Incineroar\n|-damage|p1a: Incineroar|37/100\n|move|p2a: Rillaboom|Wood Hammer|p1b: Calyrex\n|-activate|p1b: Calyrex|move: Protect\n|move|p1a: Incineroar|Flare Blitz|p2a: Rillaboom\n|-supereffective|p2a: Rillaboom\n|-damage|p2a: Rillaboom|0 fnt\n|faint|p2a: Rillaboom\n|-damage|p1a: Incineroar|0 fnt|[from] Recoil\n|faint|p1a: Incineroar\n|\n|-heal|p2b: Calyrex|89/100|[from] Grassy Terrain\n|upkeep\n|\n|t:|1746076951\n|switch|p2a: Ninetales|Ninetales, L50, M|100/100\n|switch|p1a: Miraidon|Miraidon, L50|100/100\n|-fieldstart|move: Electric Terrain|[from] ability: Hadron Engine|[of] p1a: Miraidon\n|-weather|SunnyDay|[from] ability: Drought|[of] p2a: Ninetales\n|turn|3\n|\n|t:|1746076972\n|-terastallize|p1b: Calyrex|Ground\n|move|p2a: Ninetales|Helping Hand|p2b: Calyrex\n|-singleturn|p2b: Calyrex|Helping Hand|[of] p2a: Ninetales\n|move|p2b: Calyrex|Astral Barrage|p1b: Calyrex|[spread] p1a,p1b\n|-damage|p1a: Miraidon|0 fnt\n|-damage|p1b: Calyrex|19/100\n|faint|p1a: Miraidon\n|-ability|p2b: Calyrex|Grim Neigh|boost\n|-boost|p2b: Calyrex|spa|1\n|move|p1b: Calyrex|Trick Room|p1b: Calyrex\n|-fieldstart|move: Trick Room|[of] p1b: Calyrex\n|\n|-weather|SunnyDay|[upkeep]\n|upkeep\n|turn|4\n|-message|Redrog1 forfeited.\n|\n|win|Gworf\n|l|\u2606Redrog1\n|player|p1|\n|l|\u2606Gworf\n|player|p2|\n||Gworf is ready for game 3.\n||Redrog1 is ready for game 3.\n|uhtml|next|Next: <a href=\"/battle-gen9vgc2025regibo3-2354471636\"><strong>Game 3 of 3</strong></a>\n", "uploadtime": 1746077311, "views": 12, "formatid": "gen9vgc2025regibo3", "rating": null, "private": 0, "password": null}