{"id": "gen9vgc2025regibo3-2354554687", "format": "[Gen 9] VGC 2025 Reg I (Bo3)", "players": ["muslego", "ushira"], "log": "|j|\u2606muslego\n|j|\u2606ushira\n|html|<table width=\"100%\"><tr><td align=\"left\">muslego</td><td align=\"right\">ushira</tr><tr><td align=\"left\"><i class=\"fa fa-circle\"></i> <i class=\"fa fa-circle-o\"></i> </td><td align=\"right\"><i class=\"fa fa-circle-o\"></i> <i class=\"fa fa-circle\"></i> </tr></table>\n|uhtml|bestof|<h2><strong>Game 3</strong> of <a href=\"/game-bestof3-gen9vgc2025regibo3-2354551866\">a best-of-3</a></h2>\n|t:|1746093479\n|gametype|doubles\n|player|p1|muslego|169|1066\n|player|p2|ushira|flannery|1083\n|teamsize|p1|6\n|teamsize|p2|6\n|gen|9\n|tier|[Gen 9] VGC 2025 Reg I (Bo3)\n|rated|\n|rule|Species Clause: Limit one of each Pok\u00e9mon\n|rule|Item Clause: Limit 1 of each item\n|clearpoke\n|poke|p1|Miraidon, L50|\n|poke|p1|Calyrex-Ice, L50|\n|poke|p1|Clefairy, L50, F|\n|poke|p1|Iron Hands, L50|\n|poke|p1|Ogerpon-Hearthflame, L50, F|\n|poke|p1|Farigiraf, L50, F|\n|poke|p2|Reshiram, L50|\n|poke|p2|Rillaboom, L50, M|\n|poke|p2|Urshifu-*, L50, M|\n|poke|p2|Tornadus, L50, M|\n|poke|p2|Flutter Mane, L50|\n|poke|p2|Zacian-*, L50|\n|teampreview|4\n|showteam|p1|Miraidon||ChoiceSpecs|HadronEngine|ElectroDrift,VoltSwitch,DracoMeteor,DazzlingGleam||||||50|,,,,,Fairy]Calyrex-Ice||NeverMeltIce|AsOneGlastrier|GlacialLance,CloseCombat,TrickRoom,Protect||||||50|,,,,,Normal]Clefairy||Eviolite|FriendGuard|FollowMe,AfterYou,HelpingHand,HealPulse|||F|||50|,,,,,Steel]Iron Hands||ElectricSeed|QuarkDrive|BodyPress,WildCharge,FakeOut,Whirlwind||||||50|,,,,,Fairy]Ogerpon-Hearthflame||HearthflameMask|MoldBreaker|FollowMe,IvyCudgel,WoodHammer,SpikyShield|||F|||50|,,,,,Fire]Farigiraf||ThroatSpray|ArmorTail|HyperVoice,PsychicNoise,Roar,TrickRoom|||F|||50|,,,,,Dragon\n|showteam|p2|Reshiram||AssaultVest|Turboblaze|BlueFlare,HeatWave,EarthPower,DragonPulse||||||50|,,,,,Ghost]Rillaboom||ClearAmulet|GrassySurge|FakeOut,GrassyGlide,KnockOff,Uturn|||M|||50|,,,,,Fire]Urshifu-Rapid-Strike||FocusSash|UnseenFist|SurgingStrikes,CloseCombat,Detect,Taunt|||M|||50|,,,,,Grass]Tornadus||CovertCloak|Prankster|BleakwindStorm,Tailwind,SunnyDay,Taunt|||M|||50|,,,,,Dark]Flutter Mane||BoosterEnergy|Protosynthesis|ShadowBall,Protect,DazzlingGleam,IcyWind||||||50|,,,,,Normal]Zacian-Crowned||RustedSword|IntrepidSword|Protect,behemothblade,PlayRough,TeraBlast||||||50|,,,,,Stellar\n|inactive|Battle timer is ON: inactive players will automatically lose when time's up. (requested by muslego)\n|inactive|muslego has 60 seconds left.\n|inactive|muslego has 30 seconds left.\n|\n|t:|1746093547\n|start\n|switch|p1a: Calyrex|Calyrex-Ice, L50|100/100\n|switch|p1b: Clefairy|Clefairy, L50, F|100/100\n|switch|p2a: Urshifu|Urshifu-Rapid-Strike, L50, M|100/100\n|switch|p2b: Zacian|Zacian-Crowned, L50, shiny|100/100\n|-ability|p1a: Calyrex|As One\n|-ability|p1a: Calyrex|Unnerve\n|-ability|p2b: Zacian|Intrepid Sword|boost\n|-boost|p2b: Zacian|atk|1\n|turn|1\n|inactive|muslego has 30 seconds left.\n|inactive|muslego has 20 seconds left.\n|inactive|muslego has 15 seconds left.\n|inactive|muslego has 10 seconds left.\n|inactive|muslego has 5 seconds left.\n|\n|t:|1746093601\n|move|p1b: Clefairy|Follow Me|p1b: Clefairy\n|-singleturn|p1b: Clefairy|move: Follow Me\n|move|p2b: Zacian|Behemoth Blade|p1b: Clefairy\n|-supereffective|p1b: Clefairy\n|-damage|p1b: Clefairy|0 fnt\n|faint|p1b: Clefairy\n|move|p2a: Urshifu|Taunt|p1a: Calyrex\n|-start|p1a: Calyrex|move: Taunt\n|cant|p1a: Calyrex|move: Taunt|Trick Room\n|\n|upkeep\n|\n|t:|1746093619\n|switch|p1b: Ogerpon|Ogerpon-Hearthflame, L50, F|100/100\n|-ability|p1b: Ogerpon|Mold Breaker\n|turn|2\n|inactive|muslego has 30 seconds left.\n|inactive|muslego has 20 seconds left.\n|inactive|muslego has 15 seconds left.\n|inactive|muslego has 10 seconds left.\n|\n|t:|1746093668\n|switch|p1a: Miraidon|Miraidon, L50|100/100\n|-fieldstart|move: Electric Terrain|[from] ability: Hadron Engine|[of] p1a: Miraidon\n|move|p2b: Zacian|Behemoth Blade|p1a: Miraidon\n|-resisted|p1a: Miraidon\n|-damage|p1a: Miraidon|60/100\n|move|p2a: Urshifu|Surging Strikes|p1b: Ogerpon\n|-crit|p1b: Ogerpon\n|-damage|p1b: Ogerpon|75/100\n|-crit|p1b: Ogerpon\n|-damage|p1b: Ogerpon|53/100\n|-crit|p1b: Ogerpon\n|-damage|p1b: Ogerpon|32/100\n|-hitcount|p1b: Ogerpon|3\n|move|p1b: Ogerpon|Ivy Cudgel|p2b: Zacian|[anim] Ivy Cudgel Fire\n|-supereffective|p2b: Zacian\n|-damage|p2b: Zacian|4/100\n|\n|upkeep\n|turn|3\n|inactive|muslego has 30 seconds left.\n|\n|t:|1746093702\n|move|p1b: Ogerpon|Follow Me|p1b: Ogerpon\n|-singleturn|p1b: Ogerpon|move: Follow Me\n|move|p2b: Zacian|Play Rough|p1b: Ogerpon\n|-resisted|p1b: Ogerpon\n|-damage|p1b: Ogerpon|0 fnt\n|faint|p1b: Ogerpon\n|move|p1a: Miraidon|Volt Switch|p2a: Urshifu\n|-supereffective|p2a: Urshifu\n|-enditem|p2a: Urshifu|Focus Sash\n|-damage|p2a: Urshifu|1/100\n|\n|t:|1746093712\n|switch|p1a: Calyrex|Calyrex-Ice, L50|100/100|[from] Volt Switch\n|-ability|p1a: Calyrex|As One\n|-ability|p1a: Calyrex|Unnerve\n|move|p2a: Urshifu|Surging Strikes|p1a: Calyrex\n|-crit|p1a: Calyrex\n|-damage|p1a: Calyrex|89/100\n|-crit|p1a: Calyrex\n|-damage|p1a: Calyrex|76/100\n|-crit|p1a: Calyrex\n|-damage|p1a: Calyrex|64/100\n|-hitcount|p1a: Calyrex|3\n|\n|upkeep\n|\n|t:|1746093713\n|switch|p1b: Miraidon|Miraidon, L50|60/100\n|-activate|p1b: Miraidon|ability: Hadron Engine\n|turn|4\n|inactive|muslego has 30 seconds left.\n|inactive|muslego has 20 seconds left.\n|inactive|muslego has 15 seconds left.\n|inactive|muslego has 10 seconds left.\n|inactive|muslego has 5 seconds left.\n|\n|t:|1746093768\n|-terastallize|p1a: Calyrex|Normal\n|move|p2b: Zacian|Play Rough|p1b: Miraidon\n|-supereffective|p1b: Miraidon\n|-damage|p1b: Miraidon|0 fnt\n|faint|p1b: Miraidon\n|move|p2a: Urshifu|Taunt|p1a: Calyrex\n|-start|p1a: Calyrex|move: Taunt\n|cant|p1a: Calyrex|move: Taunt|Trick Room\n|\n|upkeep\n|turn|5\n|c|\u2606muslego|gg\n|-message|muslego forfeited.\n|\n|win|ushira\n|raw|muslego's rating: 1066 &rarr; <strong>1047</strong><br />(-19 for losing)\n|raw|ushira's rating: 1083 &rarr; <strong>1109</strong><br />(+26 for winning)\n|c|\u2606ushira|gg\n|l|\u2606ushira\n|player|p2|\n|l|\u2606muslego\n|player|p1|\n", "uploadtime": 1746094162, "views": 12, "formatid": "gen9vgc2025regibo3", "rating": 1047, "private": 0, "password": null}