{"id": "gen9vgc2025regibo3-2353538928", "format": "[Gen 9] VGC 2025 Reg I (Bo3)", "players": ["dracoreptilian", "VGcel"], "log": "|j|\u2606dracoreptilian\n|j|\u2606VGcel\n|html|<table width=\"100%\"><tr><td align=\"left\">dracoreptilian</td><td align=\"right\">VGcel</tr><tr><td align=\"left\"><i class=\"fa fa-circle-o\"></i> <i class=\"fa fa-circle-o\"></i> </td><td align=\"right\"><i class=\"fa fa-circle-o\"></i> <i class=\"fa fa-circle-o\"></i> </tr></table>\n|uhtml|bestof|<h2><strong>Game 1</strong> of <a href=\"/game-bestof3-gen9vgc2025regibo3-2353538924\">a best-of-3</a></h2>\n|t:|1745965949\n|gametype|doubles\n|player|p1|dracoreptilian|102|1109\n|player|p2|VGcel|mars|1161\n|teamsize|p1|6\n|teamsize|p2|6\n|gen|9\n|tier|[Gen 9] VGC 2025 Reg I (Bo3)\n|rated|\n|rule|Species Clause: Limit one of each Pok\u00e9mon\n|rule|Item Clause: Limit 1 of each item\n|clearpoke\n|poke|p1|Scream Tail, L50|\n|poke|p1|Gothitelle, L50, M|\n|poke|p1|Regieleki, L50|\n|poke|p1|Calyrex-Shadow, L50|\n|poke|p1|Meowscarada, L50, F|\n|poke|p1|Zacian-*, L50|\n|poke|p2|Calyrex-Shadow, L50|\n|poke|p2|Koraidon, L50|\n|poke|p2|Ditto, L50|\n|poke|p2|Brute Bonnet, L50|\n|poke|p2|Whimsicott, L50, M|\n|poke|p2|Chi-Yu, L50|\n|teampreview|4\n|showteam|p1|Scream Tail||LightClay|Protosynthesis|DazzlingGleam,PerishSong,LightScreen,Reflect||||||50|,,,,,Ghost]Gothitelle||TerrainExtender|ShadowTag|DarkPulse,PsychicTerrain,TrickRoom,Protect|||M|||50|,,,,,Dragon]Regieleki||WideLens|Transistor|SupercellSlam,ThunderCage,BodySlam,Explosion||||||50|,,,,,Normal]Calyrex-Shadow||LifeOrb|AsOneSpectrier|AstralBarrage,PollenPuff,ExpandingForce,DarkPulse||||||50|,,,,,Fairy]Meowscarada||AssaultVest|Protean|FlowerTrick,KnockOff,ChillingWater,PlayRough|||F|||50|,,,,,Fire]Zacian-Crowned||RustedSword|IntrepidSword|behemothblade,PlayRough,SwordsDance,Protect||||||50|,,,,,Fairy\n|showteam|p2|Calyrex-Shadow||LifeOrb|AsOneSpectrier|AstralBarrage,Psychic,Substitute,Protect||||||50|,,,,,Ghost]Koraidon||ClearAmulet|OrichalcumPulse|CollisionCourse,FlameCharge,FlareBlitz,Protect||||||50|,,,,,Fire]Ditto||FocusSash|Imposter|Transform||||||50|,,,,,Dark]Brute Bonnet||RockyHelmet|Protosynthesis|Spore,RagePowder,SuckerPunch,SeedBomb||||||50|,,,,,Water]Whimsicott||CovertCloak|Prankster|Moonblast,Tailwind,HelpingHand,Encore|||M|||50|,,,,,Dark]Chi-Yu||ChoiceScarf|BeadsofRuin|HeatWave,Snarl,Overheat,DarkPulse||||||50|,,,,,Ghost\n|\n|t:|1745966014\n|start\n|switch|p1a: Gothitelle|Gothitelle, L50, M, shiny|100/100\n|switch|p1b: Scream Tail|Scream Tail, L50|100/100\n|switch|p2a: Calyrex|Calyrex-Shadow, L50|100/100\n|switch|p2b: Chi-Yu|Chi-Yu, L50|100/100\n|-ability|p2a: Calyrex|As One\n|-ability|p2a: Calyrex|Unnerve\n|-ability|p2b: Chi-Yu|Beads of Ruin\n|turn|1\n|\n|t:|1745966037\n|move|p2b: Chi-Yu|Snarl|p1a: Gothitelle|[spread] p1a,p1b\n|-supereffective|p1a: Gothitelle\n|-damage|p1a: Gothitelle|43/100\n|-damage|p1b: Scream Tail|81/100\n|-unboost|p1a: Gothitelle|spa|1\n|-unboost|p1b: Scream Tail|spa|1\n|move|p2a: Calyrex|Astral Barrage|p1a: Gothitelle|[spread] p1a,p1b\n|-supereffective|p1a: Gothitelle\n|-crit|p1a: Gothitelle\n|-supereffective|p1b: Scream Tail\n|-damage|p1a: Gothitelle|0 fnt\n|-damage|p1b: Scream Tail|0 fnt\n|faint|p1a: Gothitelle\n|faint|p1b: Scream Tail\n|-end|p1b: Scream Tail|Protosynthesis|[silent]\n|-ability|p2a: Calyrex|Grim Neigh|boost\n|-boost|p2a: Calyrex|spa|2\n|-damage|p2a: Calyrex|91/100|[from] item: Life Orb\n|\n|upkeep\n|\n|t:|1745966046\n|switch|p1b: Calyrex|Calyrex-Shadow, L50|100/100\n|switch|p1a: Zacian|Zacian-Crowned, L50|100/100\n|-ability|p1b: Calyrex|As One\n|-ability|p1b: Calyrex|Unnerve\n|-ability|p1a: Zacian|Intrepid Sword|boost\n|-boost|p1a: Zacian|atk|1\n|turn|2\n|\n|t:|1745966060\n|-terastallize|p2a: Calyrex|Ghost\n|-terastallize|p1b: Calyrex|Fairy\n|move|p2b: Chi-Yu|Snarl|p1a: Zacian|[spread] p1a,p1b\n|-resisted|p1a: Zacian\n|-resisted|p1b: Calyrex\n|-damage|p1a: Zacian|86/100\n|-damage|p1b: Calyrex|84/100\n|-unboost|p1a: Zacian|spa|1\n|-unboost|p1b: Calyrex|spa|1\n|move|p2a: Calyrex|Astral Barrage|p1b: Calyrex|[spread] p1a,p1b\n|-damage|p1a: Zacian|0 fnt\n|-damage|p1b: Calyrex|0 fnt\n|faint|p1a: Zacian\n|faint|p1b: Calyrex\n|-damage|p2a: Calyrex|81/100|[from] item: Life Orb\n|\n|win|VGcel\n|inactive|dracoreptilian has 30 seconds to confirm battle start!\n|inactive|VGcel has 30 seconds to confirm battle start!\n|l|\u2606dracoreptilian\n|player|p1|\n||VGcel is ready for game 2.\n|inactive|dracoreptilian has 20 seconds to confirm battle start!\n||dracoreptilian is ready for game 2.\n|uhtml|next|Next: <a href=\"/battle-gen9vgc2025regibo3-2353540098\"><strong>Game 2 of 3</strong></a>\n", "uploadtime": 1745966429, "views": 6, "formatid": "gen9vgc2025regibo3", "rating": null, "private": 0, "password": null}