{"id": "gen9vgc2025regibo3-2353574021", "format": "[Gen 9] VGC 2025 Reg I (Bo3)", "players": ["kk1pper1314", "i hate calyrex"], "log": "|j|\u2606kk1pper1314\n|j|\u2606i hate calyrex\n|html|<table width=\"100%\"><tr><td align=\"left\">kk1pper1314</td><td align=\"right\">i hate calyrex</tr><tr><td align=\"left\"><i class=\"fa fa-circle-o\"></i> <i class=\"fa fa-circle-o\"></i> </td><td align=\"right\"><i class=\"fa fa-circle-o\"></i> <i class=\"fa fa-circle\"></i> </tr></table>\n|uhtml|bestof|<h2><strong>Game 2</strong> of <a href=\"/game-bestof3-gen9vgc2025regibo3-2353571797\">a best-of-3</a></h2>\n|t:|1745969991\n|gametype|doubles\n|player|p1|kk1pper1314|steven|1193\n|player|p2|i hate calyrex|clerk|1156\n|teamsize|p1|6\n|teamsize|p2|6\n|gen|9\n|tier|[Gen 9] VGC 2025 Reg I (Bo3)\n|rated|\n|rule|Species Clause: Limit one of each Pok\u00e9mon\n|rule|Item Clause: Limit 1 of each item\n|clearpoke\n|poke|p1|Groudon, L50|\n|poke|p1|Indeedee-F, L50, F|\n|poke|p1|Raging Bolt, L50|\n|poke|p1|Whimsicott, L50, M|\n|poke|p1|Incineroar, L50, F|\n|poke|p1|Lunala, L50|\n|poke|p2|Terapagos, L50, M|\n|poke|p2|Koraidon, L50|\n|poke|p2|Incineroar, L50, F|\n|poke|p2|Flutter Mane, L50|\n|poke|p2|Raging Bolt, L50|\n|poke|p2|Ogerpon-Cornerstone, L50, F|\n|teampreview|4\n|showteam|p1|Groudon||ClearAmulet|Drought|HighHorsepower,PrecipiceBlades,HeatCrash,Protect||||||50|,,,,,Fire]Indeedee-F||RockyHelmet|PsychicSurge|TrickRoom,Protect,FollowMe,Psychic|||F|||50|,,,,,Water]Raging Bolt||AssaultVest|Protosynthesis|Thunderbolt,Thunderclap,Snarl,DracoMeteor||||||50|,,,,,Fairy]Whimsicott||CovertCloak|Prankster|Tailwind,Encore,Protect,LightScreen|||M|||50|,,,,,Dark]Incineroar||SafetyGoggles|Intimidate|KnockOff,FakeOut,FlareBlitz,PartingShot|||F|||50|,,,,,Ghost]Lunala||PowerHerb|ShadowShield|MeteorBeam,ExpandingForce,WideGuard,MoongeistBeam||||||50|,,,,,Water\n|showteam|p2|Terapagos||Leftovers|TeraShift|TeraStarstorm,EarthPower,CalmMind,Protect|||M|||50|,,,,,Stellar]Koraidon||LifeOrb|OrichalcumPulse|CloseCombat,FlareBlitz,FlameCharge,Protect||||||50|,,,,,Fire]Incineroar||RockyHelmet|Intimidate|FakeOut,FlareBlitz,KnockOff,PartingShot|||F|||50|,,,,,Bug]Flutter Mane||FocusSash|Protosynthesis|Moonblast,ShadowBall,IcyWind,Protect||||||50|,,,,,Stellar]Raging Bolt||AssaultVest|Protosynthesis|Thunderbolt,Thunderclap,Snarl,DracoMeteor||||||50|,,,,,Electric]Ogerpon-Cornerstone||CornerstoneMask|Sturdy|IvyCudgel,PowerWhip,FollowMe,SpikyShield|||F|||50|,,,,,Rock\n|inactive|Battle timer is ON: inactive players will automatically lose when time's up. (requested by kk1pper1314)\n|inactive|i hate calyrex also wants the timer to be on.\n|inactive|i hate calyrex has 60 seconds left.\n|\n|t:|1745970025\n|start\n|switch|p1a: Indeedee|Indeedee-F, L50, F|100/100\n|switch|p1b: Raging Bolt|Raging Bolt, L50|100/100\n|switch|p2a: Koraidon|Koraidon, L50|100/100\n|switch|p2b: Incineroar|Incineroar, L50, F|100/100\n|-weather|SunnyDay|[from] ability: Orichalcum Pulse|[of] p2a: Koraidon\n|-activate|p1b: Raging Bolt|ability: Protosynthesis\n|-start|p1b: Raging Bolt|protosynthesisspa\n|-activate|p2a: Koraidon|Orichalcum Pulse|[source]\n|-fieldstart|move: Psychic Terrain|[from] ability: Psychic Surge|[of] p1a: Indeedee\n|-ability|p2b: Incineroar|Intimidate|boost\n|-unboost|p1a: Indeedee|atk|1\n|-unboost|p1b: Raging Bolt|atk|1\n|turn|1\n|\n|t:|1745970047\n|-terastallize|p1a: Indeedee|Water\n|move|p2a: Koraidon|Close Combat|p1a: Indeedee\n|-damage|p1a: Indeedee|0 fnt\n|-unboost|p2a: Koraidon|def|1\n|-unboost|p2a: Koraidon|spd|1\n|-damage|p2a: Koraidon|84/100|[from] item: Rocky Helmet|[of] p1a: Indeedee\n|faint|p1a: Indeedee\n|-damage|p2a: Koraidon|74/100|[from] item: Life Orb\n|move|p1b: Raging Bolt|Draco Meteor|p2a: Koraidon\n|-supereffective|p2a: Koraidon\n|-damage|p2a: Koraidon|0 fnt\n|-unboost|p1b: Raging Bolt|spa|2\n|faint|p2a: Koraidon\n|move|p2b: Incineroar|Parting Shot|p1b: Raging Bolt\n|-unboost|p1b: Raging Bolt|atk|1\n|-unboost|p1b: Raging Bolt|spa|1\n|\n|t:|1745970050\n|switch|p2b: Ogerpon|Ogerpon-Cornerstone, L50, F|100/100|[from] Parting Shot\n|\n|-weather|SunnyDay|[upkeep]\n|upkeep\n|\n|t:|1745970063\n|switch|p2a: Flutter Mane|Flutter Mane, L50|100/100\n|switch|p1a: Lunala|Lunala, L50|100/100\n|-activate|p2a: Flutter Mane|ability: Protosynthesis\n|-start|p2a: Flutter Mane|protosynthesisspe\n|turn|2\n|\n|t:|1745970074\n|-end|p1b: Raging Bolt|Protosynthesis|[silent]\n|switch|p1b: Whimsicott|Whimsicott, L50, M|100/100\n|move|p2a: Flutter Mane|Shadow Ball|p1a: Lunala\n|-supereffective|p1a: Lunala\n|-damage|p1a: Lunala|38/100\n|move|p2b: Ogerpon|Power Whip|p1a: Lunala\n|-damage|p1a: Lunala|0 fnt\n|faint|p1a: Lunala\n|\n|-weather|SunnyDay|[upkeep]\n|upkeep\n|-message|kk1pper1314 forfeited.\n|\n|win|i hate calyrex\n|raw|kk1pper1314's rating: 1193 &rarr; <strong>1165</strong><br />(-28 for losing)\n|raw|i hate calyrex's rating: 1156 &rarr; <strong>1184</strong><br />(+28 for winning)\n|l|\u2606kk1pper1314\n|player|p1|\n", "uploadtime": 1745970089, "views": 27, "formatid": "gen9vgc2025regibo3", "rating": 1165, "private": 0, "password": null}