{"id": "gen9vgc2025regibo3-2354860208", "format": "[Gen 9] VGC 2025 Reg I (Bo3)", "players": ["Viewset", "tokafish"], "log": "|j|\u2606Viewset\n|j|\u203dtokafish\n|html|<table width=\"100%\"><tr><td align=\"left\">Viewset</td><td align=\"right\">tokafish</tr><tr><td align=\"left\"><i class=\"fa fa-circle-o\"></i> <i class=\"fa fa-circle-o\"></i> </td><td align=\"right\"><i class=\"fa fa-circle-o\"></i> <i class=\"fa fa-circle-o\"></i> </tr></table>\n|uhtml|bestof|<h2><strong>Game 1</strong> of <a href=\"/game-bestof3-gen9vgc2025regibo3-2354860207\">a best-of-3</a></h2>\n|t:|1746126083\n|gametype|doubles\n|player|p1|Viewset|ghetsis-gen5bw|1073\n|player|p2|tokafish|2|1070\n|teamsize|p1|6\n|teamsize|p2|6\n|gen|9\n|tier|[Gen 9] VGC 2025 Reg I (Bo3)\n|rated|\n|rule|Species Clause: Limit one of each Pok\u00e9mon\n|rule|Item Clause: Limit 1 of each item\n|clearpoke\n|poke|p1|Weezing-Galar, L50, F|\n|poke|p1|Ogerpon-Wellspring, L50, F|\n|poke|p1|Indeedee-F, L50, F|\n|poke|p1|Abomasnow, L50, F|\n|poke|p1|Ho-Oh, L50|\n|poke|p1|Palkia-Origin, L50|\n|poke|p2|Calyrex-Shadow, L50|\n|poke|p2|Terapagos, L50, M|\n|poke|p2|Rillaboom, L50, F|\n|poke|p2|Incineroar, L50, M|\n|poke|p2|Urshifu-*, L50, M|\n|poke|p2|Ogerpon-Hearthflame, L50, F|\n|teampreview|4\n|showteam|p1|Weezing-Galar||SitrusBerry|NeutralizingGas|WillOWisp,SludgeBomb,Protect,Taunt|||F|||50|,,,,,Ghost]Ogerpon-Wellspring||WellspringMask|WaterAbsorb|IvyCudgel,SpikyShield,FollowMe,HornLeech|||F|||50|,,,,,Water]Indeedee-F||MentalHerb|PsychicSurge|Psychic,FollowMe,TrickRoom,Protect|||F|||50|,,,,,Fighting]Abomasnow||FocusSash|SnowWarning|Blizzard,GigaDrain,Protect,AuroraVeil|||F|||50|,,,,,Ice]Ho-Oh||HeavyDutyBoots|Regenerator|SacredFire,BraveBird,Recover,EarthPower||||||50|,,,,,Fairy]Palkia-Origin||LustrousGlobe|Pressure|HydroPump,SpacialRend,Thunderbolt,Protect||||||50|,,,,,Electric\n|showteam|p2|Calyrex-Shadow||LifeOrb|AsOneSpectrier|AstralBarrage,NastyPlot,Protect,Psychic||||||50|,,,,,Normal]Terapagos||Leftovers|TeraShift|CalmMind,Protect,TeraStarstorm,EarthPower|||M|||50|,,,,,Stellar]Rillaboom||AssaultVest|GrassySurge|Uturn,GrassyGlide,WoodHammer,FakeOut|||F|||50|,,,,,Water]Incineroar||RockyHelmet|Intimidate|WillOWisp,KnockOff,FakeOut,PartingShot|||M|||50|,,,,,Ghost]Urshifu-Rapid-Strike||ChoiceScarf|UnseenFist|SurgingStrikes,CloseCombat,Uturn,AquaJet|||M|||50|,,,,,Water]Ogerpon-Hearthflame||HearthflameMask|MoldBreaker|IvyCudgel,GrassyGlide,FollowMe,SpikyShield|||F|||50|,,,,,Fire\n|\n|t:|1746126145\n|start\n|switch|p1a: Weezing|Weezing-Galar, L50, F|100/100\n|switch|p1b: Ho-Oh|Ho-Oh, L50|100/100\n|switch|p2a: Terapagos|Terapagos, L50, M|100/100\n|switch|p2b: Incineroar|Incineroar, L50, M|100/100\n|-ability|p1a: Weezing|Neutralizing Gas\n|-activate|p2a: Terapagos|ability: Tera Shift\n|detailschange|p2a: Terapagos|Terapagos-Terastal, L50, M\n|-heal|p2a: Terapagos|100/100|[silent]\n|turn|1\n|\n|t:|1746126168\n|move|p2b: Incineroar|Fake Out|p1a: Weezing\n|-damage|p1a: Weezing|90/100\n|move|p1b: Ho-Oh|Earth Power|p2b: Incineroar\n|-supereffective|p2b: Incineroar\n|-damage|p2b: Incineroar|67/100\n|move|p2a: Terapagos|Calm Mind|p2a: Terapagos\n|-boost|p2a: Terapagos|spa|1\n|-boost|p2a: Terapagos|spd|1\n|cant|p1a: Weezing|flinch\n|\n|upkeep\n|turn|2\n|\n|t:|1746126182\n|-terastallize|p2a: Terapagos|Stellar\n|detailschange|p2a: Terapagos|Terapagos-Stellar, L50, M, tera:Stellar\n|-heal|p2a: Terapagos|100/100|[silent]\n|move|p1b: Ho-Oh|Earth Power|p2b: Incineroar\n|-supereffective|p2b: Incineroar\n|-damage|p2b: Incineroar|30/100\n|move|p2a: Terapagos|Tera Starstorm|p1b: Ho-Oh|[spread] p1a,p1b\n|-damage|p1a: Weezing|33/100\n|-damage|p1b: Ho-Oh|72/100\n|-enditem|p1a: Weezing|Sitrus Berry|[eat]\n|-heal|p1a: Weezing|58/100|[from] item: Sitrus Berry\n|move|p2b: Incineroar|Parting Shot|p1b: Ho-Oh\n|-unboost|p1b: Ho-Oh|atk|1\n|-unboost|p1b: Ho-Oh|spa|1\n|\n|t:|1746126201\n|switch|p2b: Calyrex|Calyrex-Shadow, L50|100/100|[from] Parting Shot\n|-ability|p2b: Calyrex|As One\n|-ability|p2b: Calyrex|Unnerve\n|move|p1a: Weezing|Taunt|p2a: Terapagos\n|-start|p2a: Terapagos|move: Taunt\n|\n|upkeep\n|turn|3\n|\n|t:|1746126226\n|-terastallize|p1b: Ho-Oh|Fairy\n|move|p2b: Calyrex|Psychic|p1a: Weezing\n|-supereffective|p1a: Weezing\n|-damage|p1a: Weezing|0 fnt\n|faint|p1a: Weezing\n|-end|p1a: Weezing|ability: Neutralizing Gas\n|-ability|p2b: Calyrex|Grim Neigh|boost\n|-boost|p2b: Calyrex|spa|1\n|-damage|p2b: Calyrex|91/100|[from] item: Life Orb\n|move|p1b: Ho-Oh|Earth Power|p2a: Terapagos\n|-damage|p2a: Terapagos|94/100\n|move|p2a: Terapagos|Tera Starstorm|p1b: Ho-Oh\n|-supereffective|p1b: Ho-Oh\n|-damage|p1b: Ho-Oh|0 fnt\n|faint|p1b: Ho-Oh\n|\n|-heal|p2a: Terapagos|100/100|[from] item: Leftovers\n|upkeep\n|-message|Viewset forfeited.\n|\n|win|tokafish\n|l|\u2606Viewset\n|player|p1|\n||Viewset is ready for game 2.\n||tokafish is ready for game 2.\n|uhtml|next|Next: <a href=\"/battle-gen9vgc2025regibo3-2354861942\"><strong>Game 2 of 3</strong></a>\n|l|\u203dtokafish\n|player|p2|\n", "uploadtime": 1746126591, "views": 5, "formatid": "gen9vgc2025regibo3", "rating": null, "private": 0, "password": null}