{"id": "gen9vgc2025regibo3-2354867451", "format": "[Gen 9] VGC 2025 Reg I (Bo3)", "players": ["Pokemax72", "m4gicA"], "log": "|j|\u2606Pokemax72\n|j|\u2606m4gicA\n|html|<table width=\"100%\"><tr><td align=\"left\">Pokemax72</td><td align=\"right\">m4gicA</tr><tr><td align=\"left\"><i class=\"fa fa-circle-o\"></i> <i class=\"fa fa-circle-o\"></i> </td><td align=\"right\"><i class=\"fa fa-circle-o\"></i> <i class=\"fa fa-circle-o\"></i> </tr></table>\n|uhtml|bestof|<h2><strong>Game 1</strong> of <a href=\"/game-bestof3-gen9vgc2025regibo3-2354867450\">a best-of-3</a></h2>\n|t:|1746126753\n|gametype|doubles\n|player|p1|Pokemax72|101|1195\n|player|p2|m4gicA|169|1226\n|teamsize|p1|6\n|teamsize|p2|6\n|gen|9\n|tier|[Gen 9] VGC 2025 Reg I (Bo3)\n|rated|\n|rule|Species Clause: Limit one of each Pok\u00e9mon\n|rule|Item Clause: Limit 1 of each item\n|clearpoke\n|poke|p1|Kyogre, L50|\n|poke|p1|Urshifu-*, L50, F|\n|poke|p1|Zacian-*, L50|\n|poke|p1|Incineroar, L50, M|\n|poke|p1|Landorus, L50, M|\n|poke|p1|Roaring Moon, L50|\n|poke|p2|Calyrex-Ice, L50|\n|poke|p2|Kyogre, L50|\n|poke|p2|Urshifu-*, L50, M|\n|poke|p2|Electabuzz, L50, M|\n|poke|p2|Rillaboom, L50, M|\n|poke|p2|Iron Jugulis, L50|\n|teampreview|4\n|showteam|p1|Kyogre||MysticWater|Drizzle|WaterSpout,OriginPulse,IceBeam,Protect||||||50|,,,,,Grass]Urshifu-Rapid-Strike||ChoiceScarf|UnseenFist|SurgingStrikes,CloseCombat,AquaJet,Uturn|||F|||50|,,,,,Water]Zacian-Crowned||RustedSword|IntrepidSword|PlayRough,behemothblade,Substitute,Protect||||||50|,,,,,Fairy]Incineroar||SafetyGoggles|Intimidate|KnockOff,WillOWisp,PartingShot,FakeOut|||M|||50|,,,,,Ghost]Landorus||LifeOrb|SheerForce|SandsearStorm,SludgeBomb,Earthquake,Protect|||M|||50|,,,,,Poison]Roaring Moon||BoosterEnergy|Protosynthesis|Acrobatics,KnockOff,Tailwind,Protect||||||50|,,,,,Flying\n|showteam|p2|Calyrex-Ice||ClearAmulet|AsOneGlastrier|Protect,GlacialLance,HighHorsepower,TrickRoom||||||50|,,,,,Fairy]Kyogre||MysticWater|Drizzle|Protect,WaterSpout,OriginPulse,IceBeam||||||50|,,,,,Grass]Urshifu-Rapid-Strike||ChoiceScarf|UnseenFist|SurgingStrikes,CloseCombat,AquaJet,Uturn|||M|||50|,,,,,Ghost]Electabuzz||Eviolite|VitalSpirit|FollowMe,VoltSwitch,Feint,Taunt|||M|||50|,,,,,Bug]Rillaboom||AssaultVest|GrassySurge|WoodHammer,GrassyGlide,Uturn,FakeOut|||M|||50|,,,,,Water]Iron Jugulis||BoosterEnergy|QuarkDrive|Protect,Hurricane,Snarl,Tailwind||||||50|,,,,,Steel\n|inactive|Battle timer is ON: inactive players will automatically lose when time's up. (requested by m4gicA)\n|inactive|Pokemax72 has 60 seconds left.\n|inactive|m4gicA has 60 seconds left.\n|inactive|Pokemax72 has 30 seconds left.\n|inactive|m4gicA has 30 seconds left.\n|inactive|Pokemax72 has 20 seconds left.\n|inactive|m4gicA has 20 seconds left.\n|inactive|m4gicA has 15 seconds left.\n|inactive|m4gicA has 10 seconds left.\n|inactive|m4gicA has 5 seconds left.\n|\n|t:|1746126848\n|start\n|switch|p1a: Incineroar|Incineroar, L50, M, shiny|100/100\n|switch|p1b: Landorus|Landorus, L50, M|100/100\n|switch|p2a: Calyrex|Calyrex-Ice, L50|100/100\n|switch|p2b: Kyogre|Kyogre, L50|100/100\n|-ability|p2a: Calyrex|As One\n|-ability|p2a: Calyrex|Unnerve\n|-weather|RainDance|[from] ability: Drizzle|[of] p2b: Kyogre\n|-ability|p1a: Incineroar|Intimidate|boost\n|-fail|p2a: Calyrex|unboost|[from] item: Clear Amulet|[of] p2a: Calyrex\n|-unboost|p2b: Kyogre|atk|1\n|turn|1\n|inactive|m4gicA has 30 seconds left.\n|inactive|m4gicA has 20 seconds left.\n|inactive|m4gicA has 15 seconds left.\n|inactive|Pokemax72 has 30 seconds left.\n|\n|t:|1746126896\n|-terastallize|p1b: Landorus|Poison\n|move|p1a: Incineroar|Fake Out|p2b: Kyogre\n|-damage|p2b: Kyogre|91/100\n|move|p1b: Landorus|Sludge Bomb|p2a: Calyrex\n|-damage|p2a: Calyrex|46/100\n|cant|p2b: Kyogre|flinch\n|move|p2a: Calyrex|Glacial Lance|p1a: Incineroar|[spread] p1a,p1b\n|-resisted|p1a: Incineroar\n|-damage|p1a: Incineroar|79/100\n|-damage|p1b: Landorus|39/100\n|\n|-weather|RainDance|[upkeep]\n|upkeep\n|turn|2\n|inactive|m4gicA has 30 seconds left.\n|\n|t:|1746126931\n|switch|p1a: Kyogre|Kyogre, L50|100/100\n|move|p1b: Landorus|Sandsear Storm|p2a: Calyrex|[spread] p2a,p2b\n|-damage|p2a: Calyrex|0 fnt\n|-damage|p2b: Kyogre|51/100\n|faint|p2a: Calyrex\n|move|p2b: Kyogre|Origin Pulse|p1a: Kyogre|[spread] p1a,p1b\n|-resisted|p1a: Kyogre\n|-damage|p1a: Kyogre|64/100\n|-damage|p1b: Landorus|0 fnt\n|faint|p1b: Landorus\n|\n|-weather|RainDance|[upkeep]\n|upkeep\n|\n|t:|1746126951\n|switch|p1b: Incineroar|Incineroar, L50, M, shiny|79/100\n|switch|p2a: Electabuzz|Electabuzz, L50, M, shiny|100/100\n|-ability|p1b: Incineroar|Intimidate|boost\n|-unboost|p2a: Electabuzz|atk|1\n|-unboost|p2b: Kyogre|atk|1\n|turn|3\n|inactive|Pokemax72 has 30 seconds left.\n|\n|t:|1746126978\n|move|p2b: Kyogre|Protect|p2b: Kyogre\n|-singleturn|p2b: Kyogre|Protect\n|move|p1b: Incineroar|Fake Out|p2b: Kyogre\n|-activate|p2b: Kyogre|move: Protect\n|move|p1a: Kyogre|Origin Pulse|p2b: Kyogre|[spread] p2a\n|-activate|p2b: Kyogre|move: Protect\n|-damage|p2a: Electabuzz|42/100\n|move|p2a: Electabuzz|Volt Switch|p1a: Kyogre\n|-supereffective|p1a: Kyogre\n|-damage|p1a: Kyogre|27/100\n|\n|t:|1746126990\n|switch|p2a: Urshifu|Urshifu-Rapid-Strike, L50, M|100/100|[from] Volt Switch\n|\n|-weather|RainDance|[upkeep]\n|upkeep\n|turn|4\n|inactive|Pokemax72 has 30 seconds left.\n|\n|t:|1746127017\n|move|p1a: Kyogre|Protect|p1a: Kyogre\n|-singleturn|p1a: Kyogre|Protect\n|move|p2a: Urshifu|Surging Strikes|p1a: Kyogre\n|-resisted|p1a: Kyogre\n|-crit|p1a: Kyogre\n|-damage|p1a: Kyogre|10/100\n|-resisted|p1a: Kyogre\n|-crit|p1a: Kyogre\n|-damage|p1a: Kyogre|0 fnt\n|faint|p1a: Kyogre\n|-hitcount|p1: Kyogre|2\n|move|p2b: Kyogre|Origin Pulse|p1b: Incineroar\n|-supereffective|p1b: Incineroar\n|-damage|p1b: Incineroar|0 fnt\n|faint|p1b: Incineroar\n|\n|-weather|RainDance|[upkeep]\n|upkeep\n|\n|t:|1746127033\n|switch|p1b: Zacian|Zacian-Crowned, L50|100/100\n|-ability|p1b: Zacian|Intrepid Sword|boost\n|-boost|p1b: Zacian|atk|1\n|turn|5\n|\n|t:|1746127058\n|-terastallize|p2a: Urshifu|Ghost\n|move|p2a: Urshifu|Surging Strikes|p1b: Zacian\n|-crit|p1b: Zacian\n|-damage|p1b: Zacian|71/100\n|-crit|p1b: Zacian\n|-damage|p1b: Zacian|37/100\n|-crit|p1b: Zacian\n|-damage|p1b: Zacian|6/100\n|-hitcount|p1b: Zacian|3\n|move|p1b: Zacian|Play Rough|p2a: Urshifu\n|-damage|p2a: Urshifu|22/100\n|move|p2b: Kyogre|Origin Pulse|p1b: Zacian\n|-damage|p1b: Zacian|0 fnt\n|faint|p1b: Zacian\n|\n|win|m4gicA\n|l|\u2606Pokemax72\n|player|p1|\n||Pokemax72 is ready for game 2.\n|inactive|m4gicA has 30 seconds to confirm battle start!\n||m4gicA is ready for game 2.\n|uhtml|next|Next: <a href=\"/battle-gen9vgc2025regibo3-2354870853\"><strong>Game 2 of 3</strong></a>\n", "uploadtime": 1746127412, "views": 5, "formatid": "gen9vgc2025regibo3", "rating": null, "private": 0, "password": null}