{"id": "gen9vgc2025regibo3-2355105683", "format": "[Gen 9] VGC 2025 Reg I (Bo3)", "players": ["Kuriboh001", "Mr. Inaccurate"], "log": "|j|\u2606Kuriboh001\n|j|\u2606Mr. Inaccurate\n|html|<table width=\"100%\"><tr><td align=\"left\">Kuriboh001</td><td align=\"right\">Mr. Inaccurate</tr><tr><td align=\"left\"><i class=\"fa fa-circle-o\"></i> <i class=\"fa fa-circle-o\"></i> </td><td align=\"right\"><i class=\"fa fa-circle-o\"></i> <i class=\"fa fa-circle-o\"></i> </tr></table>\n|uhtml|bestof|<h2><strong>Game 1</strong> of <a href=\"/game-bestof3-gen9vgc2025regibo3-2355105682\">a best-of-3</a></h2>\n|t:|1746153174\n|gametype|doubles\n|player|p1|Kuriboh001|265|\n|player|p2|Mr. Inaccurate|clown|\n|teamsize|p1|6\n|teamsize|p2|6\n|gen|9\n|tier|[Gen 9] VGC 2025 Reg I (Bo3)\n|rule|Species Clause: Limit one of each Pok\u00e9mon\n|rule|Item Clause: Limit 1 of each item\n|clearpoke\n|poke|p1|Miraidon, L50|\n|poke|p1|Calyrex-Ice, L50|\n|poke|p1|Ogerpon-Cornerstone, L50, F|\n|poke|p1|Incineroar, L50, M|\n|poke|p1|Urshifu-*, L50, F|\n|poke|p1|Farigiraf, L50, M|\n|poke|p2|Mienshao, L50, F|\n|poke|p2|Incineroar, L50, M|\n|poke|p2|Palafin, L50, M|\n|poke|p2|Miraidon, L50|\n|poke|p2|Electabuzz, L50, F|\n|poke|p2|Ting-Lu, L50|\n|teampreview|4\n|showteam|p1|Miraidon||ChoiceSpecs|HadronEngine|DracoMeteor,ElectroDrift,VoltSwitch,DazzlingGleam||||||50|,,,,,Fairy]Calyrex-Ice||ClearAmulet|AsOneGlastrier|GlacialLance,HighHorsepower,TrickRoom,Protect||||||50|,,,,,Fire]Ogerpon-Cornerstone||CornerstoneMask|Sturdy|IvyCudgel,PowerWhip,FollowMe,SpikyShield|||F|||50|,,,,,Rock]Incineroar||RockyHelmet|Intimidate|KnockOff,FakeOut,PartingShot,HelpingHand|||M|||50|,,,,,Ghost]Urshifu-Rapid-Strike||FocusSash|UnseenFist|SurgingStrikes,CloseCombat,AquaJet,Protect|||F|||50|,,,,,Water]Farigiraf||ElectricSeed|ArmorTail|FoulPlay,PsychicNoise,TrickRoom,HelpingHand|||M|||50|,,,,,Water\n|showteam|p2|Mienshao||SafetyGoggles|Regenerator|IceSpinner,CloseCombat,FakeOut,Uturn|||F|||50|,,,,,Ice]Incineroar||RockyHelmet|Intimidate|PartingShot,KnockOff,FakeOut,Uturn|||M|||50|,,,,,Grass]Palafin||LifeOrb|ZerotoHero|FlipTurn,JetPunch,DrainPunch,IcePunch|||M|||50|,,,,,Water]Miraidon||ChoiceSpecs|HadronEngine|VoltSwitch,ElectroDrift,DracoMeteor,FlashCannon||||||50|,,,,,Electric]Electabuzz||Eviolite|Static|Electroweb,HelpingHand,FollowMe,Protect|||F|||50|,,,,,Flying]Ting-Lu||Leftovers|VesselofRuin|Ruination,Substitute,SandTomb,Protect||||||50|,,,,,Ground\n|j| justlife77\n|\n|t:|1746153192\n|start\n|switch|p1a: Calyrex|Calyrex-Ice, L50|100/100\n|switch|p1b: Farigiraf|Farigiraf, L50, M|100/100\n|switch|p2a: Yin|Mienshao, L50, F|100/100\n|switch|p2b: WIRED|Electabuzz, L50, F|100/100\n|-ability|p1a: Calyrex|As One\n|-ability|p1a: Calyrex|Unnerve\n|turn|1\n|\n|t:|1746153235\n|move|p2b: WIRED|Helping Hand|p2a: Yin\n|-singleturn|p2a: Yin|Helping Hand|[of] p2b: WIRED\n|move|p1a: Calyrex|Protect|p1a: Calyrex\n|-singleturn|p1a: Calyrex|Protect\n|move|p2a: Yin|Close Combat|p1b: Farigiraf\n|-damage|p1b: Farigiraf|12/100\n|-unboost|p2a: Yin|def|1\n|-unboost|p2a: Yin|spd|1\n|move|p1b: Farigiraf|Trick Room|p1b: Farigiraf\n|-fieldstart|move: Trick Room|[of] p1b: Farigiraf\n|\n|upkeep\n|turn|2\n|\n|t:|1746153253\n|move|p1b: Farigiraf|Helping Hand|p1a: Calyrex\n|-singleturn|p1a: Calyrex|Helping Hand|[of] p1b: Farigiraf\n|move|p2b: WIRED|Follow Me|p2b: WIRED\n|-singleturn|p2b: WIRED|move: Follow Me\n|move|p1a: Calyrex|Glacial Lance|p2a: Yin|[spread] p2a,p2b\n|-damage|p2a: Yin|0 fnt\n|-damage|p2b: WIRED|20/100\n|faint|p2a: Yin\n|-ability|p1a: Calyrex|Chilling Neigh|boost\n|-boost|p1a: Calyrex|atk|1\n|\n|upkeep\n|\n|t:|1746153265\n|switch|p2a: Split-Dif|Ting-Lu, L50|100/100\n|-ability|p2a: Split-Dif|Vessel of Ruin\n|turn|3\n|\n|t:|1746153274\n|move|p1b: Farigiraf|Helping Hand|p1a: Calyrex\n|-singleturn|p1a: Calyrex|Helping Hand|[of] p1b: Farigiraf\n|move|p2a: Split-Dif|Protect|p2a: Split-Dif\n|-singleturn|p2a: Split-Dif|Protect\n|move|p1a: Calyrex|Glacial Lance|p2b: WIRED|[spread] p2b\n|-activate|p2a: Split-Dif|move: Protect\n|-damage|p2b: WIRED|0 fnt\n|faint|p2b: WIRED\n|-ability|p1a: Calyrex|Chilling Neigh|boost\n|-boost|p1a: Calyrex|atk|1\n|\n|upkeep\n|\n|t:|1746153284\n|switch|p2b: Tanden|Miraidon, L50|100/100\n|-fieldstart|move: Electric Terrain|[from] ability: Hadron Engine|[of] p2b: Tanden\n|-enditem|p1b: Farigiraf|Electric Seed\n|-boost|p1b: Farigiraf|def|1|[from] item: Electric Seed\n|turn|4\n|inactive|Battle timer is ON: inactive players will automatically lose when time's up. (requested by Kuriboh001)\n|-message|Mr. Inaccurate forfeited.\n|\n|win|Kuriboh001\n|l|\u2606Mr. Inaccurate\n|player|p2|\n||Kuriboh001 is ready for game 2.\n||Mr. Inaccurate is ready for game 2.\n|uhtml|next|Next: <a href=\"/battle-gen9vgc2025regibo3-2355106933\"><strong>Game 2 of 3</strong></a>\n|l|\u2606Kuriboh001\n|player|p1|\n", "uploadtime": 1746153615, "views": 4, "formatid": "gen9vgc2025regibo3", "rating": null, "private": 0, "password": null}