{"id": "gen9vgc2025regibo3-2353434327", "format": "[Gen 9] VGC 2025 Reg I (Bo3)", "players": ["unovarydrake", "Tusking Chusking"], "log": "|j|\u2606unovarydrake\n|j|\u2606Tusking Chusking\n|html|<table width=\"100%\"><tr><td align=\"left\">unovarydrake</td><td align=\"right\">Tusking Chusking</tr><tr><td align=\"left\"><i class=\"fa fa-circle\"></i> <i class=\"fa fa-circle-o\"></i> </td><td align=\"right\"><i class=\"fa fa-circle-o\"></i> <i class=\"fa fa-circle-o\"></i> </tr></table>\n|uhtml|bestof|<h2><strong>Game 2</strong> of <a href=\"/game-bestof3-gen9vgc2025regibo3-2353431866\">a best-of-3</a></h2>\n|t:|1745955629\n|gametype|doubles\n|player|p1|unovarydrake|elesa|1146\n|player|p2|Tusking Chusking|dahlia|1149\n|teamsize|p1|6\n|teamsize|p2|6\n|gen|9\n|tier|[Gen 9] VGC 2025 Reg I (Bo3)\n|rated|\n|rule|Species Clause: Limit one of each Pok\u00e9mon\n|rule|Item Clause: Limit 1 of each item\n|clearpoke\n|poke|p1|Miraidon, L50|\n|poke|p1|Zacian-*, L50|\n|poke|p1|Whimsicott, L50, M|\n|poke|p1|Farigiraf, L50, M|\n|poke|p1|Ogerpon-Hearthflame, L50, F|\n|poke|p1|Iron Hands, L50|\n|poke|p2|Miraidon, L50|\n|poke|p2|Sneasler, L50, M|\n|poke|p2|Dondozo, L50, M|\n|poke|p2|Tatsugiri-Droopy, L50, M|\n|poke|p2|Chi-Yu, L50|\n|poke|p2|Calyrex-Shadow, L50|\n|teampreview|4\n|showteam|p1|Miraidon||ChoiceSpecs|HadronEngine|ElectroDrift,DracoMeteor,DazzlingGleam,VoltSwitch||||||50|,,,,,Fairy]Zacian-Crowned||RustedSword|IntrepidSword|behemothblade,PlayRough,SacredSword,Protect||||||50|,,,,,Grass]Whimsicott||CovertCloak|Prankster|Moonblast,Encore,LightScreen,Tailwind|||M|||50|,,,,,Dark]Farigiraf||ElectricSeed|ArmorTail|Psychic,FoulPlay,HelpingHand,TrickRoom|||M|||50|,,,,,Water]Ogerpon-Hearthflame||HearthflameMask|MoldBreaker|IvyCudgel,WoodHammer,FollowMe,SpikyShield|||F|||50|,,,,,Fire]Iron Hands||AssaultVest|QuarkDrive|FakeOut,DrainPunch,LowKick,WildCharge||||||50|,,,,,Bug\n|showteam|p2|Miraidon||AssaultVest|HadronEngine|ElectroDrift,VoltSwitch,DracoMeteor,DazzlingGleam||||||50|,,,,,Fairy]Sneasler||ElectricSeed|Unburden|FakeOut,ToxicSpikes,DireClaw,CloseCombat|||M|||50|,,,,,Ghost]Dondozo||Leftovers|Unaware|Protect,OrderUp,BodyPress,Earthquake|||M|||50|,,,,,Grass]Tatsugiri-Droopy||FocusSash|Commander|DracoMeteor,MuddyWater,HelpingHand,Protect|||M|||50|,,,,,Stellar]Chi-Yu||ChoiceScarf|BeadsofRuin|HeatWave,DarkPulse,Overheat,Snarl||||||50|,,,,,Ghost]Calyrex-Shadow||LifeOrb|AsOneSpectrier|AstralBarrage,Psychic,Encore,Protect||||||50|,,,,,Dark\n|\n|t:|1745955670\n|start\n|switch|p1a: Miraidon|Miraidon, L50|100/100\n|switch|p1b: Whimsicott|Whimsicott, L50, M|100/100\n|switch|p2a: Miraidon|Miraidon, L50|100/100\n|switch|p2b: Sneasler|Sneasler, L50, M|100/100\n|-fieldstart|move: Electric Terrain|[from] ability: Hadron Engine|[of] p1a: Miraidon\n|-enditem|p2b: Sneasler|Electric Seed\n|-boost|p2b: Sneasler|def|1|[from] item: Electric Seed\n|-activate|p2a: Miraidon|ability: Hadron Engine\n|turn|1\n|\n|t:|1745955712\n|move|p2b: Sneasler|Fake Out|p1a: Miraidon\n|-damage|p1a: Miraidon|86/100\n|move|p1b: Whimsicott|Light Screen|p1b: Whimsicott\n|-sidestart|p1: unovarydrake|move: Light Screen\n|cant|p1a: Miraidon|flinch\n|move|p2a: Miraidon|Dazzling Gleam|p1b: Whimsicott|[spread] p1a,p1b\n|-supereffective|p1a: Miraidon\n|-damage|p1a: Miraidon|50/100\n|-damage|p1b: Whimsicott|79/100\n|\n|upkeep\n|turn|2\n|inactive|Battle timer is ON: inactive players will automatically lose when time's up. (requested by Tusking Chusking)\n|\n|t:|1745955781\n|switch|p2b: Chi-Yu|Chi-Yu, L50|100/100\n|-ability|p2b: Chi-Yu|Beads of Ruin\n|-terastallize|p2a: Miraidon|Fairy\n|move|p1b: Whimsicott|Tailwind|p1b: Whimsicott\n|-sidestart|p1: unovarydrake|move: Tailwind\n|move|p1a: Miraidon|Electro Drift|p2b: Chi-Yu\n|-damage|p2b: Chi-Yu|0 fnt\n|faint|p2b: Chi-Yu\n|move|p2a: Miraidon|Dazzling Gleam|p1b: Whimsicott|[spread] p1a,p1b\n|-supereffective|p1a: Miraidon\n|-damage|p1a: Miraidon|0 fnt\n|-damage|p1b: Whimsicott|45/100\n|faint|p1a: Miraidon\n|\n|upkeep\n|\n|t:|1745955800\n|switch|p1a: Zacian|Zacian-Crowned, L50|100/100\n|switch|p2b: Sneasler|Sneasler, L50, M|100/100\n|-ability|p1a: Zacian|Intrepid Sword|boost\n|-boost|p1a: Zacian|atk|1\n|turn|3\n|inactive|unovarydrake has 30 seconds left.\n|inactive|Tusking Chusking has 30 seconds left.\n|\n|t:|1745955832\n|switch|p1b: Farigiraf|Farigiraf, L50, M|100/100\n|-enditem|p1b: Farigiraf|Electric Seed\n|-boost|p1b: Farigiraf|def|1|[from] item: Electric Seed\n|move|p2b: Sneasler|Fake Out||[still]\n|cant|p1b: Farigiraf|ability: Armor Tail|Fake Out|[of] p2b: Sneasler\n|move|p1a: Zacian|Behemoth Blade|p2b: Sneasler\n|-damage|p2b: Sneasler|0 fnt\n|faint|p2b: Sneasler\n|move|p2a: Miraidon|Dazzling Gleam|p1a: Zacian|[spread] p1a,p1b\n|-resisted|p1a: Zacian\n|-damage|p1a: Zacian|88/100\n|-damage|p1b: Farigiraf|76/100\n|\n|upkeep\n|-message|Tusking Chusking forfeited.\n|\n|win|unovarydrake\n|raw|unovarydrake's rating: 1146 &rarr; <strong>1171</strong><br />(+25 for winning)\n|raw|Tusking Chusking's rating: 1149 &rarr; <strong>1124</strong><br />(-25 for losing)\n|l|\u2606Tusking Chusking\n|player|p2|\n", "uploadtime": 1745956119, "views": 22, "formatid": "gen9vgc2025regibo3", "rating": 1124, "private": 0, "password": null}