{"id": "gen9vgc2025regibo3-2354962771", "format": "[Gen 9] VGC 2025 Reg I (Bo3)", "players": ["Jesucrit0", "SamSederEnjoyer"], "log": "|j|\u2606Jesucrit0\n|j|\u2606SamSederEnjoyer\n|html|<table width=\"100%\"><tr><td align=\"left\">Jesucrit0</td><td align=\"right\">SamSederEnjoyer</tr><tr><td align=\"left\"><i class=\"fa fa-circle-o\"></i> <i class=\"fa fa-circle-o\"></i> </td><td align=\"right\"><i class=\"fa fa-circle-o\"></i> <i class=\"fa fa-circle-o\"></i> </tr></table>\n|uhtml|bestof|<h2><strong>Game 1</strong> of <a href=\"/game-bestof3-gen9vgc2025regibo3-2354962770\">a best-of-3</a></h2>\n|t:|1746136258\n|gametype|doubles\n|player|p1|Jesucrit0|buck|1109\n|player|p2|SamSederEnjoyer|102|1000\n|teamsize|p1|6\n|teamsize|p2|6\n|gen|9\n|tier|[Gen 9] VGC 2025 Reg I (Bo3)\n|rated|\n|rule|Species Clause: Limit one of each Pok\u00e9mon\n|rule|Item Clause: Limit 1 of each item\n|clearpoke\n|poke|p1|Palkia-Origin, L50|\n|poke|p1|Farigiraf, L50, M|\n|poke|p1|Calyrex-Ice, L50|\n|poke|p1|Rillaboom, L50, F|\n|poke|p1|Urshifu-*, L50, F|\n|poke|p1|Chi-Yu, L50|\n|poke|p2|Zapdos-Galar, L50|\n|poke|p2|Arcanine-Hisui, L50, M|\n|poke|p2|Arboliva, L50, F|\n|poke|p2|Groudon, L50|\n|poke|p2|Walking Wake, L50|\n|poke|p2|Wyrdeer, L50, F|\n|teampreview|4\n|showteam|p1|Palkia-Origin||LustrousGlobe|Pressure|SpacialRend,Protect,HydroPump,DracoMeteor||||||50|,,,,,Fairy]Farigiraf||SafetyGoggles|ArmorTail|FoulPlay,Psychic,HelpingHand,TrickRoom|||M|||50|,,,,,Water]Calyrex-Ice||ClearAmulet|AsOneGlastrier|GlacialLance,HighHorsepower,Protect,TrickRoom||||||50|,,,,,Fairy]Rillaboom||AssaultVest|GrassySurge|GrassyGlide,WoodHammer,FakeOut,Uturn|||F|||50|,,,,,Fire]Urshifu-Rapid-Strike||MysticWater|UnseenFist|SurgingStrikes,CloseCombat,Protect,AquaJet|||F|||50|,,,,,Water]Chi-Yu||ChoiceScarf|BeadsofRuin|HeatWave,Overheat,DarkPulse,Snarl||||||50|,,,,,Fire\n|showteam|p2|Zapdos-Galar||Leftovers|Defiant|Tailwind,DoubleEdge,CloseCombat,BraveBird||||||50|,,,,,Fighting]Arcanine-Hisui||AssaultVest|RockHead|FlareBlitz,CloseCombat,ExtremeSpeed,RockSlide|||M|||50|,,,,,Fire]Arboliva||SitrusBerry|Harvest|LeechSeed,Encore,Protect,EnergyBall|||F|||50|,,,,,Grass]Groudon||WeaknessPolicy|Drought|PrecipiceBlades,Protect,HeatCrash,BrickBreak||||||50|,,,,,Fire]Walking Wake||FocusSash|Protosynthesis|HydroSteam,Protect,DracoMeteor,Flamethrower||||||50|,,,,,Fire]Wyrdeer||CovertCloak|Intimidate|TrickRoom,PsyshieldBash,Protect,BodySlam|||F|||50|,,,,,Normal\n|\n|t:|1746136328\n|start\n|switch|p1a: Farigiraf|Farigiraf, L50, M|100/100\n|switch|p1b: Calyrex|Calyrex-Ice, L50|100/100\n|switch|p2a: Zapdos|Zapdos-Galar, L50|100/100\n|switch|p2b: Arcanine|Arcanine-Hisui, L50, M|100/100\n|-ability|p1b: Calyrex|As One\n|-ability|p1b: Calyrex|Unnerve\n|turn|1\n|\n|t:|1746136388\n|move|p1b: Calyrex|Protect|p1b: Calyrex\n|-singleturn|p1b: Calyrex|Protect\n|move|p2a: Zapdos|Close Combat|p1b: Calyrex\n|-activate|p1b: Calyrex|move: Protect\n|move|p2b: Arcanine|Flare Blitz|p1b: Calyrex\n|-activate|p1b: Calyrex|move: Protect\n|move|p1a: Farigiraf|Trick Room|p1a: Farigiraf\n|-fieldstart|move: Trick Room|[of] p1a: Farigiraf\n|\n|upkeep\n|turn|2\n|\n|t:|1746136421\n|switch|p1a: Urshifu|Urshifu-Rapid-Strike, L50, F|100/100\n|-terastallize|p1b: Calyrex|Fairy\n|-terastallize|p2a: Zapdos|Fighting\n|move|p1b: Calyrex|High Horsepower|p2b: Arcanine\n|-supereffective|p2b: Arcanine\n|-damage|p2b: Arcanine|0 fnt\n|faint|p2b: Arcanine\n|-ability|p1b: Calyrex|Chilling Neigh|boost\n|-boost|p1b: Calyrex|atk|1\n|move|p2a: Zapdos|Close Combat|p1b: Calyrex\n|-resisted|p1b: Calyrex\n|-damage|p1b: Calyrex|76/100\n|-unboost|p2a: Zapdos|def|1\n|-unboost|p2a: Zapdos|spd|1\n|\n|upkeep\n|\n|t:|1746136437\n|switch|p2b: Wyrdeer|Wyrdeer, L50, F|100/100\n|-ability|p2b: Wyrdeer|Intimidate|boost\n|-unboost|p1a: Urshifu|atk|1\n|-fail|p1b: Calyrex|unboost|[from] item: Clear Amulet|[of] p1b: Calyrex\n|turn|3\n|\n|t:|1746136455\n|move|p1b: Calyrex|Glacial Lance|p2b: Wyrdeer|[spread] p2a,p2b\n|-damage|p2a: Zapdos|0 fnt\n|-damage|p2b: Wyrdeer|10/100\n|faint|p2a: Zapdos\n|-ability|p1b: Calyrex|Chilling Neigh|boost\n|-boost|p1b: Calyrex|atk|1\n|move|p2b: Wyrdeer|Body Slam|p1b: Calyrex\n|-damage|p1b: Calyrex|51/100\n|move|p1a: Urshifu|Surging Strikes|p2b: Wyrdeer\n|-crit|p2b: Wyrdeer\n|-damage|p2b: Wyrdeer|0 fnt\n|faint|p2b: Wyrdeer\n|-hitcount|p2: Wyrdeer|1\n|\n|upkeep\n|-message|SamSederEnjoyer forfeited.\n|\n|win|Jesucrit0\n|l|\u2606SamSederEnjoyer\n|player|p2|\n||SamSederEnjoyer is ready for game 2.\n||Jesucrit0 is ready for game 2.\n|uhtml|next|Next: <a href=\"/battle-gen9vgc2025regibo3-2354964760\"><strong>Game 2 of 3</strong></a>\n|l|\u2606Jesucrit0\n|player|p1|\n|j|\u2606Jesucrit0\n|player|p1|Jesucrit0|buck|\n", "uploadtime": 1746136727, "views": 6, "formatid": "gen9vgc2025regibo3", "rating": null, "private": 0, "password": null}