{"id": "gen9vgc2025regibo3-2354524630", "format": "[Gen 9] VGC 2025 Reg I (Bo3)", "players": ["Wosaolo", "wizzpoower"], "log": "|j|\u2606Wosaolo\n|j|\u2606wizzpoower\n|html|<table width=\"100%\"><tr><td align=\"left\">Wosaolo</td><td align=\"right\">wizzpoower</tr><tr><td align=\"left\"><i class=\"fa fa-circle-o\"></i> <i class=\"fa fa-circle-o\"></i> </td><td align=\"right\"><i class=\"fa fa-circle-o\"></i> <i class=\"fa fa-circle\"></i> </tr></table>\n|uhtml|bestof|<h2><strong>Game 2</strong> of <a href=\"/game-bestof3-gen9vgc2025regibo3-2354523754\">a best-of-3</a></h2>\n|t:|1746087621\n|gametype|doubles\n|player|p1|Wosaolo|clay|1292\n|player|p2|wizzpoower|cheren-masters|1282\n|teamsize|p1|6\n|teamsize|p2|6\n|gen|9\n|tier|[Gen 9] VGC 2025 Reg I (Bo3)\n|rated|\n|rule|Species Clause: Limit one of each Pok\u00e9mon\n|rule|Item Clause: Limit 1 of each item\n|clearpoke\n|poke|p1|Calyrex-Shadow, L50|\n|poke|p1|Incineroar, L50, M|\n|poke|p1|Urshifu-*, L50, M|\n|poke|p1|Rillaboom, L50, M|\n|poke|p1|Ogerpon-Hearthflame, L50, F|\n|poke|p1|Terapagos, L50, M|\n|poke|p2|Miraidon, L50|\n|poke|p2|Urshifu-*, L50, F|\n|poke|p2|Iron Hands, L50|\n|poke|p2|Iron Treads, L50|\n|poke|p2|Farigiraf, L50, M|\n|poke|p2|Ho-Oh, L50|\n|teampreview|4\n|showteam|p1|Calyrex-Shadow||FocusSash|AsOneSpectrier|AstralBarrage,NastyPlot,Protect,Psychic||||||50|,,,,,Ghost]Incineroar||RockyHelmet|Intimidate|WillOWisp,KnockOff,FakeOut,PartingShot|||M|||50|,,,,,Ghost]Urshifu-Rapid-Strike||ChoiceScarf|UnseenFist|SurgingStrikes,CloseCombat,Uturn,AquaJet|||M|||50|,,,,,Water]Rillaboom||AssaultVest|GrassySurge|FakeOut,WoodHammer,GrassyGlide,Uturn|||M|||50|,,,,,Water]Ogerpon-Hearthflame||HearthflameMask|MoldBreaker|IvyCudgel,GrassyGlide,FollowMe,SpikyShield|||F|||50|,,,,,Fire]Terapagos||Leftovers|TeraShift|TeraStarstorm,CalmMind,EarthPower,Protect|||M|||50|,,,,,Stellar\n|showteam|p2|Miraidon||ChoiceSpecs|HadronEngine|ElectroDrift,VoltSwitch,DracoMeteor,DazzlingGleam||||||50|,,,,,Fairy]Urshifu||FocusSash|UnseenFist|WickedBlow,SuckerPunch,CloseCombat,Detect|||F|||50|,,,,,Dark]Iron Hands||AssaultVest|QuarkDrive|DrainPunch,LowKick,HeavySlam,FakeOut||||||50|,,,,,Poison]Iron Treads||ChoiceBand|QuarkDrive|HighHorsepower,IronHead,SteelRoller,RockSlide||||||50|,,,,,Ghost]Farigiraf||ElectricSeed|ArmorTail|Psychic,Roar,TrickRoom,HelpingHand|||M|||50|,,,,,Water]Ho-Oh||ClearAmulet|Regenerator|BraveBird,SacredFire,Protect,Tailwind||||||50|,,,,,Grass\n|inactive|Battle timer is ON: inactive players will automatically lose when time's up. (requested by Wosaolo)\n|\n|t:|1746087642\n|start\n|switch|p1a: Urshifu|Urshifu-Rapid-Strike, L50, M|100/100\n|switch|p1b: Calyrex|Calyrex-Shadow, L50|100/100\n|switch|p2a: goodbyefreak|Ho-Oh, L50|100/100\n|switch|p2b: megabeast:3|Miraidon, L50|100/100\n|-ability|p1b: Calyrex|As One\n|-ability|p1b: Calyrex|Unnerve\n|-fieldstart|move: Electric Terrain|[from] ability: Hadron Engine|[of] p2b: megabeast:3\n|turn|1\n|inactive|Wosaolo has 30 seconds left.\n|inactive|Wosaolo has 20 seconds left.\n|inactive|wizzpoower has 30 seconds left.\n|\n|t:|1746087683\n|-terastallize|p2a: goodbyefreak|Grass\n|move|p1a: Urshifu|Close Combat|p2b: megabeast:3\n|-damage|p2b: megabeast:3|38/100\n|-unboost|p1a: Urshifu|def|1\n|-unboost|p1a: Urshifu|spd|1\n|move|p1b: Calyrex|Astral Barrage|p2a: goodbyefreak|[spread] p2a,p2b\n|-damage|p2a: goodbyefreak|69/100\n|-damage|p2b: megabeast:3|0 fnt\n|faint|p2b: megabeast:3\n|-ability|p1b: Calyrex|Grim Neigh|boost\n|-boost|p1b: Calyrex|spa|1\n|move|p2a: goodbyefreak|Tailwind|p2a: goodbyefreak\n|-sidestart|p2: wizzpoower|move: Tailwind\n|\n|upkeep\n|\n|t:|1746087695\n|switch|p2b: radicalqueen|Urshifu, L50, F|100/100\n|turn|2\n|\n|t:|1746087710\n|move|p2b: radicalqueen|Wicked Blow|p1b: Calyrex\n|-supereffective|p1b: Calyrex\n|-crit|p1b: Calyrex\n|-enditem|p1b: Calyrex|Focus Sash\n|-damage|p1b: Calyrex|1/100\n|move|p2a: goodbyefreak|Brave Bird|p1a: Urshifu\n|-supereffective|p1a: Urshifu\n|-damage|p1a: Urshifu|0 fnt\n|faint|p1a: Urshifu\n|-damage|p2a: goodbyefreak|40/100|[from] Recoil\n|move|p1b: Calyrex|Astral Barrage|p2b: radicalqueen|[spread] p2a,p2b\n|-resisted|p2b: radicalqueen\n|-damage|p2a: goodbyefreak|0 fnt\n|-damage|p2b: radicalqueen|36/100\n|faint|p2a: goodbyefreak\n|-ability|p1b: Calyrex|Grim Neigh|boost\n|-boost|p1b: Calyrex|spa|1\n|\n|upkeep\n|\n|t:|1746087722\n|switch|p1a: Terapagos|Terapagos, L50, M|100/100\n|switch|p2a: mythicdreamr|Farigiraf, L50, M, shiny|100/100\n|-activate|p1a: Terapagos|ability: Tera Shift\n|detailschange|p1a: Terapagos|Terapagos-Terastal, L50, M\n|-heal|p1a: Terapagos|100/100|[silent]\n|-enditem|p2a: mythicdreamr|Electric Seed\n|-boost|p2a: mythicdreamr|def|1|[from] item: Electric Seed\n|turn|3\n|\n|t:|1746087735\n|move|p2b: radicalqueen|Wicked Blow|p1b: Calyrex\n|-supereffective|p1b: Calyrex\n|-crit|p1b: Calyrex\n|-damage|p1b: Calyrex|0 fnt\n|faint|p1b: Calyrex\n|move|p2a: mythicdreamr|Psychic|p1a: Terapagos\n|-activate|p1a: Terapagos|ability: Tera Shell\n|-resisted|p1a: Terapagos\n|-damage|p1a: Terapagos|85/100\n|move|p1a: Terapagos|Tera Starstorm|p2b: radicalqueen\n|-damage|p2b: radicalqueen|0 fnt\n|faint|p2b: radicalqueen\n|\n|-heal|p1a: Terapagos|91/100|[from] item: Leftovers\n|upkeep\n|-message|wizzpoower forfeited.\n|\n|win|Wosaolo\n|l|\u2606wizzpoower\n|player|p2|\n||Wosaolo is ready for game 3.\n||wizzpoower is ready for game 3.\n|uhtml|next|Next: <a href=\"/battle-gen9vgc2025regibo3-2354525203\"><strong>Game 3 of 3</strong></a>\n|l|\u2606Wosaolo\n|player|p1|\n", "uploadtime": 1746088094, "views": 12, "formatid": "gen9vgc2025regibo3", "rating": null, "private": 0, "password": null}