{"id": "gen9vgc2025regibo3-2355146023", "format": "[Gen 9] VGC 2025 Reg I (Bo3)", "players": ["The median voter", "THEBASEDGODFLORA"], "log": "|j|\u2606The median voter\n|j|\u2606THEBASEDGODFLORA\n|html|<table width=\"100%\"><tr><td align=\"left\">The median voter</td><td align=\"right\">THEBASEDGODFLORA</tr><tr><td align=\"left\"><i class=\"fa fa-circle-o\"></i> <i class=\"fa fa-circle-o\"></i> </td><td align=\"right\"><i class=\"fa fa-circle-o\"></i> <i class=\"fa fa-circle-o\"></i> </tr></table>\n|uhtml|bestof|<h2><strong>Game 1</strong> of <a href=\"/game-bestof3-gen9vgc2025regibo3-2355146022\">a best-of-3</a></h2>\n|t:|1746158501\n|gametype|doubles\n|player|p1|The median voter|scientist-gen4dp|1126\n|player|p2|THEBASEDGODFLORA|102|1170\n|teamsize|p1|6\n|teamsize|p2|6\n|gen|9\n|tier|[Gen 9] VGC 2025 Reg I (Bo3)\n|rated|\n|rule|Species Clause: Limit one of each Pok\u00e9mon\n|rule|Item Clause: Limit 1 of each item\n|clearpoke\n|poke|p1|Iron Jugulis, L50|\n|poke|p1|Miraidon, L50|\n|poke|p1|Calyrex-Ice, L50|\n|poke|p1|Iron Hands, L50|\n|poke|p1|Farigiraf, L50, F|\n|poke|p1|Volcarona, L50, M|\n|poke|p2|Calyrex-Ice, L50|\n|poke|p2|Lunala, L50|\n|poke|p2|Smeargle, L50, M|\n|poke|p2|Indeedee-F, L50, F|\n|poke|p2|Urshifu-*, L50, M|\n|poke|p2|Raging Bolt, L50|\n|teampreview|4\n|showteam|p1|Iron Jugulis||BoosterEnergy|QuarkDrive|Tailwind,Snarl,Protect,AirSlash||||||50|,,,,,Water]Miraidon||ChoiceSpecs|HadronEngine|VoltSwitch,DazzlingGleam,ElectroDrift,DracoMeteor||||||50|,,,,,Fairy]Calyrex-Ice||ClearAmulet|AsOneGlastrier|GlacialLance,HighHorsepower,Protect,TrickRoom||||||50|,,,,,Fire]Iron Hands||AssaultVest|QuarkDrive|FakeOut,WildCharge,LowKick,HeavySlam||||||50|,,,,,Water]Farigiraf||ElectricSeed|ArmorTail|TrickRoom,HelpingHand,Psychic,FoulPlay|||F|||50|,,,,,Water]Volcarona||SitrusBerry|FlameBody|RagePowder,Protect,HeatWave,QuiverDance|||M|||50|,,,,,Water\n|showteam|p2|Calyrex-Ice||ClearAmulet|AsOneGlastrier|GlacialLance,HighHorsepower,TrickRoom,Protect||||||50|,,,,,Fire]Lunala||PowerHerb|ShadowShield|ExpandingForce,MoongeistBeam,MeteorBeam,TrickRoom||||||50|,,,,,Water]Smeargle||FocusSash|Technician|FakeOut,FollowMe,Decorate,Spore|||M|||50|,,,,,Grass]Indeedee-F||SafetyGoggles|PsychicSurge|FollowMe,Psychic,TrickRoom,HealPulse|||F|||50|,,,,,Ground]Urshifu||ChoiceBand|UnseenFist|WickedBlow,CloseCombat,SuckerPunch,IronHead|||M|||50|,,,,,Dark]Raging Bolt||AssaultVest|Protosynthesis|Thunderbolt,Thunderclap,Snarl,DracoMeteor||||||50|,,,,,Steel\n|\n|t:|1746158544\n|start\n|switch|p1a: Miraidon|Miraidon, L50|100/100\n|switch|p1b: Calyrex|Calyrex-Ice, L50|100/100\n|switch|p2a: Lunala|Lunala, L50|100/100\n|switch|p2b: Indeedee|Indeedee-F, L50, F|100/100\n|-ability|p1b: Calyrex|As One\n|-ability|p1b: Calyrex|Unnerve\n|-fieldstart|move: Electric Terrain|[from] ability: Hadron Engine|[of] p1a: Miraidon\n|-fieldstart|move: Psychic Terrain|[from] ability: Psychic Surge|[of] p2b: Indeedee\n|turn|1\n|inactive|Battle timer is ON: inactive players will automatically lose when time's up. (requested by The median voter)\n|\n|t:|1746158624\n|move|p1b: Calyrex|Protect|p1b: Calyrex\n|-singleturn|p1b: Calyrex|Protect\n|move|p1a: Miraidon|Volt Switch|p2a: Lunala\n|-damage|p2a: Lunala|80/100\n|\n|t:|1746158630\n|switch|p1a: Farigiraf|Farigiraf, L50, F|100/100|[from] Volt Switch\n|move|p2a: Lunala|Moongeist Beam|p1b: Calyrex\n|-activate|p1b: Calyrex|move: Protect\n|move|p2b: Indeedee|Psychic|p1a: Farigiraf\n|-resisted|p1a: Farigiraf\n|-damage|p1a: Farigiraf|82/100\n|-unboost|p1a: Farigiraf|spd|1\n|\n|upkeep\n|turn|2\n|\n|t:|1746158655\n|switch|p1b: Iron Hands|Iron Hands, L50|100/100\n|move|p2a: Lunala|Meteor Beam||[still]\n|-prepare|p2a: Lunala|Meteor Beam\n|-boost|p2a: Lunala|spa|1\n|-enditem|p2a: Lunala|Power Herb\n|-anim|p2a: Lunala|Meteor Beam|p1b: Iron Hands\n|-resisted|p1b: Iron Hands\n|-damage|p1b: Iron Hands|84/100\n|move|p2b: Indeedee|Heal Pulse|p2a: Lunala\n|-heal|p2a: Lunala|100/100\n|move|p1a: Farigiraf|Foul Play|p2a: Lunala\n|-supereffective|p2a: Lunala\n|-damage|p2a: Lunala|67/100\n|\n|upkeep\n|turn|3\n|\n|t:|1746158676\n|move|p2a: Lunala|Expanding Force|p1a: Farigiraf|[spread] p1a,p1b\n|-resisted|p1a: Farigiraf\n|-supereffective|p1b: Iron Hands\n|-crit|p1b: Iron Hands\n|-damage|p1a: Farigiraf|15/100\n|-damage|p1b: Iron Hands|0 fnt\n|faint|p1b: Iron Hands\n|-end|p1b: Iron Hands|Quark Drive|[silent]\n|move|p2b: Indeedee|Heal Pulse|p2a: Lunala\n|-heal|p2a: Lunala|100/100\n|move|p1a: Farigiraf|Foul Play|p2a: Lunala\n|-supereffective|p2a: Lunala\n|-damage|p2a: Lunala|68/100\n|\n|upkeep\n|\n|t:|1746158682\n|switch|p1b: Miraidon|Miraidon, L50|100/100\n|-fieldstart|move: Electric Terrain|[from] ability: Hadron Engine|[of] p1b: Miraidon\n|-enditem|p1a: Farigiraf|Electric Seed\n|-boost|p1a: Farigiraf|def|1|[from] item: Electric Seed\n|turn|4\n|\n|t:|1746158704\n|-terastallize|p2b: Indeedee|Ground\n|move|p2b: Indeedee|Follow Me|p2b: Indeedee\n|-singleturn|p2b: Indeedee|move: Follow Me\n|move|p1b: Miraidon|Electro Drift|p2b: Indeedee\n|-immune|p2b: Indeedee\n|move|p2a: Lunala|Expanding Force|p1b: Miraidon\n|-damage|p1b: Miraidon|38/100\n|move|p1a: Farigiraf|Trick Room|p1a: Farigiraf\n|-fieldstart|move: Trick Room|[of] p1a: Farigiraf\n|\n|upkeep\n|turn|5\n|-message|The median voter forfeited.\n|\n|win|THEBASEDGODFLORA\n|l|\u2606The median voter\n|player|p1|\n||The median voter is ready for game 2.\n||THEBASEDGODFLORA is ready for game 2.\n|uhtml|next|Next: <a href=\"/battle-gen9vgc2025regibo3-2355147498\"><strong>Game 2 of 3</strong></a>\n|l|\u2606THEBASEDGODFLORA\n|player|p2|\n", "uploadtime": 1746159002, "views": 1, "formatid": "gen9vgc2025regibo3", "rating": null, "private": 0, "password": null}