{"id": "gen9vgc2025regibo3-2354735789", "format": "[Gen 9] VGC 2025 Reg I (Bo3)", "players": ["rubentino", "LiterallyAKoala"], "log": "|j|\u2606rubentino\n|j|\u2606LiterallyAKoala\n|html|<table width=\"100%\"><tr><td align=\"left\">rubentino</td><td align=\"right\">LiterallyAKoala</tr><tr><td align=\"left\"><i class=\"fa fa-circle\"></i> <i class=\"fa fa-circle-o\"></i> </td><td align=\"right\"><i class=\"fa fa-circle-o\"></i> <i class=\"fa fa-circle\"></i> </tr></table>\n|uhtml|bestof|<h2><strong>Game 3</strong> of <a href=\"/game-bestof3-gen9vgc2025regibo3-2354728615\">a best-of-3</a></h2>\n|t:|1746115181\n|gametype|doubles\n|player|p1|rubentino|1|1100\n|player|p2|LiterallyAKoala|emmet|1016\n|teamsize|p1|6\n|teamsize|p2|6\n|gen|9\n|tier|[Gen 9] VGC 2025 Reg I (Bo3)\n|rated|\n|rule|Species Clause: Limit one of each Pok\u00e9mon\n|rule|Item Clause: Limit 1 of each item\n|clearpoke\n|poke|p1|Terapagos, L50, M|\n|poke|p1|Calyrex-Shadow, L50|\n|poke|p1|Incineroar, L50, M|\n|poke|p1|Rillaboom, L50, M|\n|poke|p1|Urshifu-*, L50, M|\n|poke|p1|Amoonguss, L50, F|\n|poke|p2|Miraidon, L50|\n|poke|p2|Urshifu-*, L50, F|\n|poke|p2|Calyrex-Shadow, L50|\n|poke|p2|Flutter Mane, L50|\n|poke|p2|Amoonguss, L50, F|\n|poke|p2|Iron Hands, L50|\n|teampreview|4\n|showteam|p1|Terapagos||Leftovers|TeraShift|TeraStarstorm,EarthPower,CalmMind,Protect|||M|||50|,,,,,Stellar]Calyrex-Shadow||FocusSash|AsOneSpectrier|AstralBarrage,Encore,Disable,Protect||||||50|,,,,,Ghost]Incineroar||SafetyGoggles|Intimidate|FakeOut,KnockOff,WillOWisp,PartingShot|||M|||50|,,,,,Bug]Rillaboom||AssaultVest|GrassySurge|FakeOut,WoodHammer,GrassyGlide,Uturn|||M|||50|,,,,,Water]Urshifu-Rapid-Strike||ChoiceScarf|UnseenFist|SurgingStrikes,CloseCombat,AquaJet,Uturn|||M|||50|,,,,,Water]Amoonguss||RockyHelmet|Regenerator|SludgeBomb,Spore,RagePowder,Protect|||F|||50|,,,,,Water\n|showteam|p2|Miraidon||ChoiceSpecs|HadronEngine|ElectroDrift,DracoMeteor,VoltSwitch,DazzlingGleam||||||50|,,,,,Fairy]Urshifu-Rapid-Strike||FocusSash|UnseenFist|SurgingStrikes,CloseCombat,AquaJet,Detect|||F|||50|,,,,,Grass]Calyrex-Shadow||LifeOrb|AsOneSpectrier|AstralBarrage,ExpandingForce,Protect,NastyPlot||||||50|,,,,,Ghost]Flutter Mane||BoosterEnergy|Protosynthesis|Moonblast,IcyWind,TrickRoom,Taunt||||||50|,,,,,Fairy]Amoonguss||RockyHelmet|Regenerator|PollenPuff,Spore,RagePowder,Protect|||F|||50|,,,,,Water]Iron Hands||AssaultVest|QuarkDrive|WildCharge,DrainPunch,HeavySlam,FakeOut||||||50|,,,,,Water\n|inactive|Battle timer is ON: inactive players will automatically lose when time's up. (requested by LiterallyAKoala)\n|\n|t:|1746115209\n|start\n|switch|p1a: Calyrex|Calyrex-Shadow, L50|100/100\n|switch|p1b: Rillaboom|Rillaboom, L50, M|100/100\n|switch|p2a: Calyrex|Calyrex-Shadow, L50|100/100\n|switch|p2b: Flutter Mane|Flutter Mane, L50|100/100\n|-ability|p2a: Calyrex|As One\n|-ability|p2a: Calyrex|Unnerve\n|-ability|p1a: Calyrex|As One\n|-ability|p1a: Calyrex|Unnerve\n|-fieldstart|move: Grassy Terrain|[from] ability: Grassy Surge|[of] p1b: Rillaboom\n|-enditem|p2b: Flutter Mane|Booster Energy\n|-activate|p2b: Flutter Mane|ability: Protosynthesis|[fromitem]\n|-start|p2b: Flutter Mane|protosynthesisspe\n|turn|1\n|inactive|rubentino has 30 seconds left.\n|\n|t:|1746115235\n|-terastallize|p2b: Flutter Mane|Fairy\n|move|p1a: Calyrex|Protect|p1a: Calyrex\n|-singleturn|p1a: Calyrex|Protect\n|move|p2a: Calyrex|Protect|p2a: Calyrex\n|-singleturn|p2a: Calyrex|Protect\n|move|p2b: Flutter Mane|Icy Wind|p1a: Calyrex|[spread] \n|-activate|p1a: Calyrex|move: Protect\n|-miss|p2b: Flutter Mane|p1b: Rillaboom\n|move|p1b: Rillaboom|Wood Hammer|p2b: Flutter Mane\n|-damage|p2b: Flutter Mane|0 fnt\n|faint|p2b: Flutter Mane\n|-end|p2b: Flutter Mane|Protosynthesis|[silent]\n|-damage|p1b: Rillaboom|77/100|[from] Recoil\n|\n|-heal|p1b: Rillaboom|83/100|[from] Grassy Terrain\n|upkeep\n|\n|t:|1746115242\n|switch|p2b: Amoonguss|Amoonguss, L50, F|100/100\n|turn|2\n|\n|t:|1746115261\n|move|p1a: Calyrex|Astral Barrage|p2a: Calyrex|[spread] p2a,p2b\n|-supereffective|p2a: Calyrex\n|-damage|p2a: Calyrex|0 fnt\n|-damage|p2b: Amoonguss|54/100\n|faint|p2a: Calyrex\n|-ability|p1a: Calyrex|Grim Neigh|boost\n|-boost|p1a: Calyrex|spa|1\n|move|p1b: Rillaboom|U-turn|p2b: Amoonguss\n|-damage|p2b: Amoonguss|36/100\n|-damage|p1b: Rillaboom|66/100|[from] item: Rocky Helmet|[of] p2b: Amoonguss\n|-message|LiterallyAKoala forfeited.\n|\n|win|rubentino\n|raw|rubentino's rating: 1100 &rarr; <strong>1119</strong><br />(+19 for winning)\n|raw|LiterallyAKoala's rating: 1016 &rarr; <strong>1007</strong><br />(-9 for losing)\n|l|\u2606LiterallyAKoala\n|player|p2|\n", "uploadtime": 1746115277, "views": 24, "formatid": "gen9vgc2025regibo3", "rating": 1007, "private": 0, "password": null}