{"id": "gen9vgc2025regibo3-2354039324", "format": "[Gen 9] VGC 2025 Reg I (Bo3)", "players": ["PSKira", "CharlieJ25"], "log": "|j|\u2606PSKira\n|j|\u2606CharlieJ25\n|html|<table width=\"100%\"><tr><td align=\"left\">PSKira</td><td align=\"right\">CharlieJ25</tr><tr><td align=\"left\"><i class=\"fa fa-circle\"></i> <i class=\"fa fa-circle-o\"></i> </td><td align=\"right\"><i class=\"fa fa-circle-o\"></i> <i class=\"fa fa-circle-o\"></i> </tr></table>\n|uhtml|bestof|<h2><strong>Game 2</strong> of <a href=\"/game-bestof3-gen9vgc2025regibo3-2354035770\">a best-of-3</a></h2>\n|t:|1746029682\n|gametype|doubles\n|player|p1|PSKira|hiker-gen4|\n|player|p2|CharlieJ25|101|\n|teamsize|p1|6\n|teamsize|p2|6\n|gen|9\n|tier|[Gen 9] VGC 2025 Reg I (Bo3)\n|rule|Species Clause: Limit one of each Pok\u00e9mon\n|rule|Item Clause: Limit 1 of each item\n|clearpoke\n|poke|p1|Groudon, L50|\n|poke|p1|Miraidon, L50|\n|poke|p1|Landorus, L50, M|\n|poke|p1|Ursaluna-Bloodmoon, L50, M|\n|poke|p1|Electivire, L50, M|\n|poke|p1|Gastrodon-East, L50, F|\n|poke|p2|Calyrex-Shadow, L50|\n|poke|p2|Kyurem-Black, L50|\n|poke|p2|Incineroar, L50, F|\n|poke|p2|Thundurus, L50, M|\n|poke|p2|Indeedee-F, L50, F|\n|poke|p2|Kingambit, L50, M|\n|teampreview|4\n|showteam|p1|Groudon||RockyHelmet|Drought|Earthquake,Eruption,Roar,BodyPress||||||50|,,,,,Ground]Miraidon||ChoiceSpecs|HadronEngine|ElectroDrift,DracoMeteor,Discharge,VoltSwitch||||||50|,,,,,Electric]Landorus||LifeOrb|SandForce|SludgeWave,EarthPower,Psychic,Protect|||M|||50|,,,,,Poison]Ursaluna-Bloodmoon||CovertCloak|MindsEye|BloodMoon,HyperVoice,EarthPower,Protect|||M|||50|,,,,,Ground]Electivire||ClearAmulet|MotorDrive|ThunderPunch,StompingTantrum,CrossChop,Electroweb|||M|||50|,,,,,Electric]Gastrodon-East||Leftovers|StormDrain|Bulldoze,HelpingHand,AcidArmor,EarthPower|||F|||50|,,,,,Ground\n|showteam|p2|Calyrex-Shadow||ChoiceSpecs|AsOneSpectrier|AstralBarrage,DrainingKiss,NastyPlot,ExpandingForce||||||50|,,,,,Fairy]Kyurem-Black||LoadedDice|Teravolt|ScaleShot,IcicleSpear,Protect,FusionBolt||||||50|,,,,,Steel]Incineroar||SafetyGoggles|Intimidate|FlareBlitz,PartingShot,KnockOff,FakeOut|||F|||50|,,,,,Fire]Thundurus||FocusSash|Prankster|ThunderWave,Electroweb,Protect,WildboltStorm|||M|||50|,,,,,Electric]Indeedee-F||PsychicSeed|PsychicSurge|TrickRoom,HelpingHand,FollowMe,Psychic|||F|||50|,,,,,Psychic]Kingambit||CovertCloak|Defiant|KowtowCleave,SuckerPunch,IronHead,Protect|||M|||50|,,,,,Fairy\n|\n|t:|1746029716\n|start\n|switch|p1a: Miraidon|Miraidon, L50|100/100\n|switch|p1b: Landorus|Landorus, L50, M|100/100\n|switch|p2a: Furry|Incineroar, L50, F|100/100\n|switch|p2b: Lakitu|Thundurus, L50, M|100/100\n|-fieldstart|move: Electric Terrain|[from] ability: Hadron Engine|[of] p1a: Miraidon\n|-ability|p2a: Furry|Intimidate|boost\n|-unboost|p1a: Miraidon|atk|1\n|-unboost|p1b: Landorus|atk|1\n|turn|1\n|\n|t:|1746029754\n|switch|p2b: Sam|Kingambit, L50, M|100/100\n|-terastallize|p1a: Miraidon|Electric\n|move|p2a: Furry|Fake Out|p1a: Miraidon\n|-crit|p1a: Miraidon\n|-damage|p1a: Miraidon|76/100\n|cant|p1a: Miraidon|flinch\n|move|p1b: Landorus|Psychic|p2b: Sam\n|-immune|p2b: Sam\n|\n|upkeep\n|turn|2\n|\n|t:|1746029778\n|move|p1b: Landorus|Protect|p1b: Landorus\n|-singleturn|p1b: Landorus|Protect\n|move|p2b: Sam|Sucker Punch||[still]\n|-fail|p2b: Sam\n|move|p1a: Miraidon|Discharge|p2a: Furry|[spread] p2a,p2b\n|-activate|p1b: Landorus|move: Protect\n|-damage|p2a: Furry|0 fnt\n|-damage|p2b: Sam|0 fnt\n|faint|p2a: Furry\n|faint|p2b: Sam\n|\n|upkeep\n|\n|t:|1746029792\n|switch|p2a: Shades|Calyrex-Shadow, L50|100/100\n|switch|p2b: Lakitu|Thundurus, L50, M|100/100\n|-ability|p2a: Shades|As One\n|-ability|p2a: Shades|Unnerve\n|turn|3\n|\n|t:|1746029833\n|move|p2a: Shades|Astral Barrage|p1a: Miraidon|[spread] p1a,p1b\n|-damage|p1a: Miraidon|10/100\n|-damage|p1b: Landorus|7/100\n|move|p1a: Miraidon|Discharge|p2a: Shades|[spread] p2a,p2b\n|-immune|p1b: Landorus\n|-damage|p2a: Shades|0 fnt\n|-enditem|p2b: Lakitu|Focus Sash\n|-damage|p2b: Lakitu|1/100\n|faint|p2a: Shades\n|move|p2b: Lakitu|Wildbolt Storm|p1a: Miraidon|[spread] p1a\n|-immune|p1b: Landorus\n|-resisted|p1a: Miraidon\n|-damage|p1a: Miraidon|0 fnt\n|faint|p1a: Miraidon\n|move|p1b: Landorus|Psychic|p2b: Lakitu\n|-damage|p2b: Lakitu|0 fnt\n|faint|p2b: Lakitu\n|-damage|p1b: Landorus|0 fnt|[from] item: Life Orb\n|faint|p1b: Landorus\n|\n|win|PSKira\n|l|\u2606PSKira\n|player|p1|\n", "uploadtime": 1746030217, "views": 8, "formatid": "gen9vgc2025regibo3", "rating": null, "private": 0, "password": null}