{"id": "gen9vgc2025regibo3-2354564973", "format": "[Gen 9] VGC 2025 Reg I (Bo3)", "players": ["DgC1605", "Genn22Vgc"], "log": "|j|\u2606DgC1605\n|j|\u2606Genn22Vgc\n|html|<table width=\"100%\"><tr><td align=\"left\">DgC1605</td><td align=\"right\">Genn22Vgc</tr><tr><td align=\"left\"><i class=\"fa fa-circle-o\"></i> <i class=\"fa fa-circle-o\"></i> </td><td align=\"right\"><i class=\"fa fa-circle-o\"></i> <i class=\"fa fa-circle-o\"></i> </tr></table>\n|uhtml|bestof|<h2><strong>Game 1</strong> of <a href=\"/game-bestof3-gen9vgc2025regibo3-2354564972\">a best-of-3</a></h2>\n|t:|1746095371\n|gametype|doubles\n|player|p1|DgC1605|n|1330\n|player|p2|Genn22Vgc|102|1416\n|teamsize|p1|6\n|teamsize|p2|6\n|gen|9\n|tier|[Gen 9] VGC 2025 Reg I (Bo3)\n|rated|\n|rule|Species Clause: Limit one of each Pok\u00e9mon\n|rule|Item Clause: Limit 1 of each item\n|clearpoke\n|poke|p1|Calyrex-Shadow, L50|\n|poke|p1|Tornadus, L50, M|\n|poke|p1|Rillaboom, L50, F|\n|poke|p1|Smeargle, L50, M|\n|poke|p1|Rayquaza, L50|\n|poke|p1|Chien-Pao, L50|\n|poke|p2|Miraidon, L50|\n|poke|p2|Ditto, L50|\n|poke|p2|Incineroar, L50, M|\n|poke|p2|Zamazenta-*, L50|\n|poke|p2|Grimmsnarl, L50, M|\n|poke|p2|Farigiraf, L50, M|\n|teampreview|4\n|showteam|p1|Calyrex-Shadow||SpellTag|AsOneSpectrier|AstralBarrage,Psyshock,NastyPlot,Protect||||||50|,,,,,Normal]Tornadus||CovertCloak|Prankster|BleakwindStorm,Tailwind,RainDance,Protect|||M|||50|,,,,,Dark]Rillaboom||AssaultVest|GrassySurge|FakeOut,GrassyGlide,WoodHammer,Uturn|||F|||50|,,,,,Fire]Smeargle||FocusSash|Moody|FakeOut,FollowMe,Spore,WideGuard|||M|||50|,,,,,Grass]Rayquaza||ClearAmulet|AirLock|DragonAscent,ExtremeSpeed,SwordsDance,Protect||||||50|,,,,,Normal]Chien-Pao||LifeOrb|SwordofRuin|IcicleCrash,ThroatChop,SuckerPunch,Protect||||||50|,,,,,Ghost\n|showteam|p2|Miraidon||ChoiceSpecs|HadronEngine|ElectroDrift,DracoMeteor,VoltSwitch,DazzlingGleam||||||50|,,,,,Fairy]Ditto||ChoiceScarf|Imposter|Transform||||||50|,,,,,Normal]Incineroar||AssaultVest|Intimidate|KnockOff,FlareBlitz,Uturn,FakeOut|||M|||50|,,,,,Bug]Zamazenta-Crowned||RustedShield|DauntlessShield|BodyPress,HeavySlam,WideGuard,Protect||||||50|,,,,,Dragon]Grimmsnarl||LightClay|Prankster|FoulPlay,ThunderWave,Reflect,LightScreen|||M|||50|,,,,,Ghost]Farigiraf||ElectricSeed|ArmorTail|Psychic,FoulPlay,HelpingHand,TrickRoom|||M|||50|,,,,,Water\n|inactive|Battle timer is ON: inactive players will automatically lose when time's up. (requested by DgC1605)\n|inactive|DgC1605 has 60 seconds left.\n|\n|t:|1746095425\n|start\n|switch|p1a: Rillaboom|Rillaboom, L50, F, shiny|100/100\n|switch|p1b: Calyrex|Calyrex-Shadow, L50|100/100\n|switch|p2a: Grimmsnarl|Grimmsnarl, L50, M|100/100\n|switch|p2b: Miraidon|Miraidon, L50|100/100\n|-ability|p1b: Calyrex|As One\n|-ability|p1b: Calyrex|Unnerve\n|-fieldstart|move: Electric Terrain|[from] ability: Hadron Engine|[of] p2b: Miraidon\n|-fieldstart|move: Grassy Terrain|[from] ability: Grassy Surge|[of] p1a: Rillaboom\n|turn|1\n|inactive|DgC1605 has 30 seconds left.\n|inactive|Genn22Vgc has 30 seconds left.\n|inactive|DgC1605 has 20 seconds left.\n|inactive|DgC1605 has 15 seconds left.\n|\n|t:|1746095466\n|switch|p2b: Farigiraf|Farigiraf, L50, M|100/100\n|move|p1a: Rillaboom|Fake Out||[still]\n|cant|p2b: Farigiraf|ability: Armor Tail|Fake Out|[of] p1a: Rillaboom\n|move|p1b: Calyrex|Nasty Plot|p1b: Calyrex\n|-boost|p1b: Calyrex|spa|2\n|move|p2a: Grimmsnarl|Foul Play|p1b: Calyrex\n|-supereffective|p1b: Calyrex\n|-damage|p1b: Calyrex|3/100\n|\n|-heal|p1b: Calyrex|9/100|[from] Grassy Terrain\n|upkeep\n|turn|2\n|inactive|Genn22Vgc has 30 seconds left.\n|\n|t:|1746095496\n|move|p2a: Grimmsnarl|Reflect|p2a: Grimmsnarl\n|-sidestart|p2: Genn22Vgc|Reflect\n|move|p1b: Calyrex|Astral Barrage|p2b: Farigiraf|[spread] p2a\n|-immune|p2b: Farigiraf\n|-resisted|p2a: Grimmsnarl\n|-crit|p2a: Grimmsnarl\n|-damage|p2a: Grimmsnarl|14/100\n|move|p1a: Rillaboom|U-turn|p2a: Grimmsnarl\n|-damage|p2a: Grimmsnarl|0 fnt\n|faint|p2a: Grimmsnarl\n|\n|t:|1746095506\n|switch|p1a: Rayquaza|Rayquaza, L50|100/100|[from] U-turn\n|-ability|p1a: Rayquaza|Air Lock\n|move|p2b: Farigiraf|Psychic|p1b: Calyrex\n|-resisted|p1b: Calyrex\n|-damage|p1b: Calyrex|0 fnt\n|faint|p1b: Calyrex\n|\n|upkeep\n|\n|t:|1746095526\n|switch|p1b: Chien-Pao|Chien-Pao, L50|100/100\n|switch|p2a: Miraidon|Miraidon, L50|100/100\n|-ability|p1b: Chien-Pao|Sword of Ruin\n|-fieldstart|move: Electric Terrain|[from] ability: Hadron Engine|[of] p2a: Miraidon\n|-enditem|p2b: Farigiraf|Electric Seed\n|-boost|p2b: Farigiraf|def|1|[from] item: Electric Seed\n|turn|3\n|inactive|DgC1605 has 30 seconds left.\n|inactive|Genn22Vgc has 30 seconds left.\n|inactive|Genn22Vgc has 20 seconds left.\n|\n|t:|1746095563\n|switch|p1a: Rillaboom|Rillaboom, L50, F, shiny|100/100\n|-fieldstart|move: Grassy Terrain|[from] ability: Grassy Surge|[of] p1a: Rillaboom\n|-terastallize|p2a: Miraidon|Fairy\n|move|p1b: Chien-Pao|Icicle Crash|p2a: Miraidon\n|-damage|p2a: Miraidon|52/100\n|-damage|p1b: Chien-Pao|91/100|[from] item: Life Orb\n|move|p2a: Miraidon|Dazzling Gleam|p1b: Chien-Pao|[spread] p1a,p1b\n|-supereffective|p1b: Chien-Pao\n|-damage|p1a: Rillaboom|65/100\n|-damage|p1b: Chien-Pao|0 fnt\n|faint|p1b: Chien-Pao\n|move|p2b: Farigiraf|Foul Play|p1a: Rillaboom\n|-damage|p1a: Rillaboom|33/100\n|\n|-heal|p2a: Miraidon|58/100|[from] Grassy Terrain\n|-heal|p1a: Rillaboom|39/100|[from] Grassy Terrain\n|upkeep\n|\n|t:|1746095573\n|switch|p1b: Rayquaza|Rayquaza, L50|100/100\n|-ability|p1b: Rayquaza|Air Lock\n|turn|4\n|inactive|Genn22Vgc has 30 seconds left.\n|\n|t:|1746095599\n|-terastallize|p1a: Rillaboom|Fire\n|move|p2b: Farigiraf|Helping Hand|p2a: Miraidon\n|-singleturn|p2a: Miraidon|Helping Hand|[of] p2b: Farigiraf\n|move|p1b: Rayquaza|Protect|p1b: Rayquaza\n|-singleturn|p1b: Rayquaza|Protect\n|move|p2a: Miraidon|Dazzling Gleam|p1a: Rillaboom|[spread] p1a\n|-activate|p1b: Rayquaza|move: Protect\n|-resisted|p1a: Rillaboom\n|-damage|p1a: Rillaboom|13/100\n|move|p1a: Rillaboom|Wood Hammer|p2a: Miraidon\n|-damage|p2a: Miraidon|12/100\n|-damage|p1a: Rillaboom|0 fnt|[from] Recoil\n|faint|p1a: Rillaboom\n|\n|-heal|p2a: Miraidon|18/100|[from] Grassy Terrain\n|upkeep\n|turn|5\n|-message|DgC1605 forfeited.\n|\n|win|Genn22Vgc\n||DgC1605 is ready for game 2.\n||Genn22Vgc is ready for game 2.\n|uhtml|next|Next: <a href=\"/battle-gen9vgc2025regibo3-2354566360\"><strong>Game 2 of 3</strong></a>\n|l|\u2606DgC1605\n|player|p1|\n|l|\u2606Genn22Vgc\n|player|p2|\n", "uploadtime": 1746095955, "views": 7, "formatid": "gen9vgc2025regibo3", "rating": null, "private": 0, "password": null}