{"id": "gen9vgc2025regibo3-2353748361", "format": "[Gen 9] VGC 2025 Reg I (Bo3)", "players": ["ShinyMoonBoi", "winner9630"], "log": "|j|\u2606ShinyMoonBoi\n|j|\u2606winner9630\n|html|<table width=\"100%\"><tr><td align=\"left\">ShinyMoonBoi</td><td align=\"right\">winner9630</tr><tr><td align=\"left\"><i class=\"fa fa-circle-o\"></i> <i class=\"fa fa-circle-o\"></i> </td><td align=\"right\"><i class=\"fa fa-circle-o\"></i> <i class=\"fa fa-circle\"></i> </tr></table>\n|uhtml|bestof|<h2><strong>Game 2</strong> of <a href=\"/game-bestof3-gen9vgc2025regibo3-2353746576\">a best-of-3</a></h2>\n|t:|1745993260\n|gametype|doubles\n|player|p1|ShinyMoonBoi|266|1150\n|player|p2|winner9630|1|1167\n|teamsize|p1|6\n|teamsize|p2|6\n|gen|9\n|tier|[Gen 9] VGC 2025 Reg I (Bo3)\n|rated|\n|rule|Species Clause: Limit one of each Pok\u00e9mon\n|rule|Item Clause: Limit 1 of each item\n|clearpoke\n|poke|p1|Lunala, L50|\n|poke|p1|Zamazenta-*, L50|\n|poke|p1|Chien-Pao, L50|\n|poke|p1|Rillaboom, L50, M|\n|poke|p1|Flutter Mane, L50|\n|poke|p1|Pelipper, L50, M|\n|poke|p2|Kyogre, L50|\n|poke|p2|Calyrex-Ice, L50|\n|poke|p2|Regieleki, L50|\n|poke|p2|Landorus, L50, M|\n|poke|p2|Farigiraf, L50, M|\n|poke|p2|Rillaboom, L50, M|\n|teampreview|4\n|showteam|p1|Lunala||PowerHerb|ShadowShield|MeteorBeam,MoongeistBeam,TrickRoom,Protect||||||50|,,,,,Water]Zamazenta-Crowned||RustedShield|DauntlessShield|BodyPress,HeavySlam,Protect,WideGuard||||||50|,,,,,Grass]Chien-Pao||FocusSash|SwordofRuin|ThroatChop,SuckerPunch,IcicleCrash,Protect||||||50|,,,,,Ghost]Rillaboom||AssaultVest|GrassySurge|FakeOut,Uturn,GrassyGlide,WoodHammer|||M|||50|,,,,,Grass]Flutter Mane||BoosterEnergy|Protosynthesis|IcyWind,Taunt,Moonblast,Protect||||||50|,,,,,Water]Pelipper||LifeOrb|Drizzle|WeatherBall,Hurricane,WideGuard,Protect|||M|||50|,,,,,Grass\n|showteam|p2|Kyogre||MysticWater|Drizzle|WaterSpout,OriginPulse,IceBeam,Protect||||||50|,,,,,Grass]Calyrex-Ice||ClearAmulet|AsOneGlastrier|GlacialLance,CloseCombat,TrickRoom,Protect||||||50|,,,,,Water]Regieleki||FocusSash|Transistor|Thunderbolt,Electroweb,VoltSwitch,Protect||||||50|,,,,,Electric]Landorus||LifeOrb|SheerForce|EarthPower,SandsearStorm,SludgeBomb,Protect|||M|||50|,,,,,Poison]Farigiraf||RockyHelmet|ArmorTail|TeraBlast,HelpingHand,AllySwitch,Psychic|||M|||50|,,,,,Fairy]Rillaboom||AssaultVest|GrassySurge|WoodHammer,GrassyGlide,Uturn,FakeOut|||M|||50|,,,,,Fire\n|inactive|Battle timer is ON: inactive players will automatically lose when time's up. (requested by winner9630)\n|\n|t:|1745993325\n|start\n|switch|p1a: Chien-Pao|Chien-Pao, L50|100/100\n|switch|p1b: Flutter Mane|Flutter Mane, L50|100/100\n|switch|p2a: Regieleki|Regieleki, L50|100/100\n|switch|p2b: Kyogre|Kyogre, L50|100/100\n|-ability|p1a: Chien-Pao|Sword of Ruin\n|-weather|RainDance|[from] ability: Drizzle|[of] p2b: Kyogre\n|-enditem|p1b: Flutter Mane|Booster Energy\n|-activate|p1b: Flutter Mane|ability: Protosynthesis|[fromitem]\n|-start|p1b: Flutter Mane|protosynthesisspe\n|turn|1\n|inactive|winner9630 has 30 seconds left.\n|inactive|winner9630 has 20 seconds left.\n|\n|t:|1745993360\n|move|p1b: Flutter Mane|Icy Wind|p2b: Kyogre|[spread] p2a,p2b\n|-resisted|p2b: Kyogre\n|-damage|p2a: Regieleki|78/100\n|-damage|p2b: Kyogre|96/100\n|-unboost|p2a: Regieleki|spe|1\n|-unboost|p2b: Kyogre|spe|1\n|move|p1a: Chien-Pao|Throat Chop|p2a: Regieleki\n|-damage|p2a: Regieleki|0 fnt\n|faint|p2a: Regieleki\n|move|p2b: Kyogre|Origin Pulse|p1b: Flutter Mane|[spread] p1a,p1b\n|-enditem|p1a: Chien-Pao|Focus Sash\n|-damage|p1a: Chien-Pao|1/100\n|-damage|p1b: Flutter Mane|27/100\n|\n|-weather|RainDance|[upkeep]\n|upkeep\n|\n|t:|1745993378\n|switch|p2a: Calyrex|Calyrex-Ice, L50|100/100\n|-ability|p2a: Calyrex|As One\n|-ability|p2a: Calyrex|Unnerve\n|turn|2\n|\n|t:|1745993389\n|-terastallize|p2a: Calyrex|Water\n|move|p1a: Chien-Pao|Protect|p1a: Chien-Pao\n|-singleturn|p1a: Chien-Pao|Protect\n|move|p2b: Kyogre|Protect|p2b: Kyogre\n|-singleturn|p2b: Kyogre|Protect\n|move|p1b: Flutter Mane|Taunt|p2a: Calyrex\n|-start|p2a: Calyrex|move: Taunt\n|move|p2a: Calyrex|Glacial Lance|p1a: Chien-Pao|[spread] p1b\n|-activate|p1a: Chien-Pao|move: Protect\n|-damage|p1b: Flutter Mane|0 fnt\n|faint|p1b: Flutter Mane\n|-end|p1b: Flutter Mane|Protosynthesis|[silent]\n|-ability|p2a: Calyrex|Chilling Neigh|boost\n|-boost|p2a: Calyrex|atk|1\n|\n|-weather|RainDance|[upkeep]\n|upkeep\n|\n|t:|1745993406\n|switch|p1b: Rillaboom|Rillaboom, L50, M|100/100\n|-fieldstart|move: Grassy Terrain|[from] ability: Grassy Surge|[of] p1b: Rillaboom\n|turn|3\n|inactive|ShinyMoonBoi has 30 seconds left.\n|inactive|winner9630 has 30 seconds left.\n|\n|t:|1745993437\n|-terastallize|p1b: Rillaboom|Grass\n|move|p1a: Chien-Pao|Throat Chop|p2b: Kyogre\n|-damage|p2b: Kyogre|31/100\n|-start|p2b: Kyogre|Throat Chop|[silent]\n|move|p1b: Rillaboom|Wood Hammer|p2a: Calyrex\n|-supereffective|p2a: Calyrex\n|-damage|p2a: Calyrex|0 fnt\n|faint|p2a: Calyrex\n|-damage|p1b: Rillaboom|69/100|[from] Recoil\n|move|p2b: Kyogre|Ice Beam|p1b: Rillaboom\n|-supereffective|p1b: Rillaboom\n|-crit|p1b: Rillaboom\n|-damage|p1b: Rillaboom|0 fnt\n|faint|p1b: Rillaboom\n|\n|-weather|RainDance|[upkeep]\n|-heal|p1a: Chien-Pao|7/100|[from] Grassy Terrain\n|-heal|p2b: Kyogre|37/100|[from] Grassy Terrain\n|upkeep\n|\n|t:|1745993455\n|switch|p1b: Lunala|Lunala, L50|100/100\n|switch|p2a: Landorus|Landorus, L50, M|100/100\n|turn|4\n|inactive|ShinyMoonBoi has 30 seconds left.\n|\n|t:|1745993482\n|move|p1a: Chien-Pao|Icicle Crash|p2a: Landorus\n|-supereffective|p2a: Landorus\n|-damage|p2a: Landorus|0 fnt\n|faint|p2a: Landorus\n|move|p1b: Lunala|Moongeist Beam|p2b: Kyogre\n|-damage|p2b: Kyogre|0 fnt\n|faint|p2b: Kyogre\n|\n|win|ShinyMoonBoi\n||winner9630 is ready for game 3.\n|inactive|ShinyMoonBoi has 30 seconds to confirm battle start!\n|inactive|ShinyMoonBoi has 20 seconds to confirm battle start!\n||ShinyMoonBoi is ready for game 3.\n|uhtml|next|Next: <a href=\"/battle-gen9vgc2025regibo3-2353749721\"><strong>Game 3 of 3</strong></a>\n|l|\u2606winner9630\n|player|p2|\n", "uploadtime": 1745993810, "views": 6, "formatid": "gen9vgc2025regibo3", "rating": null, "private": 0, "password": null}