{"id": "gen9vgc2025regibo3-2353672041", "format": "[Gen 9] VGC 2025 Reg I (Bo3)", "players": ["bathilra", "CouchChris"], "log": "|j|\u2606bathilra\n|j|\u2606CouchChris\n|html|<table width=\"100%\"><tr><td align=\"left\">bathilra</td><td align=\"right\">CouchChris</tr><tr><td align=\"left\"><i class=\"fa fa-circle-o\"></i> <i class=\"fa fa-circle-o\"></i> </td><td align=\"right\"><i class=\"fa fa-circle-o\"></i> <i class=\"fa fa-circle\"></i> </tr></table>\n|uhtml|bestof|<h2><strong>Game 2</strong> of <a href=\"/game-bestof3-gen9vgc2025regibo3-2353669283\">a best-of-3</a></h2>\n|t:|1745981694\n|gametype|doubles\n|player|p1|bathilra|steven|\n|player|p2|CouchChris|wattson|\n|teamsize|p1|6\n|teamsize|p2|6\n|gen|9\n|tier|[Gen 9] VGC 2025 Reg I (Bo3)\n|rule|Species Clause: Limit one of each Pok\u00e9mon\n|rule|Item Clause: Limit 1 of each item\n|clearpoke\n|poke|p1|Calyrex-Shadow, L50|\n|poke|p1|Tornadus, L50, M|\n|poke|p1|Chien-Pao, L50|\n|poke|p1|Indeedee-F, L50, F|\n|poke|p1|Zamazenta-*, L50|\n|poke|p1|Ursaluna-Bloodmoon, L50, M|\n|poke|p2|Groudon, L50|\n|poke|p2|Lunala, L50|\n|poke|p2|Incineroar, L50, F|\n|poke|p2|Ogerpon-Hearthflame, L50, F|\n|poke|p2|Walking Wake, L50|\n|poke|p2|Rillaboom, L50, M|\n|teampreview|4\n|showteam|p1|Calyrex-Shadow||WiseGlasses|AsOneSpectrier|AstralBarrage,ExpandingForce,Protect,NastyPlot||||||50|,,,,,Dark]Tornadus||CovertCloak|Prankster|BleakwindStorm,Taunt,Tailwind,Protect|||M|||50|,,,,,Dark]Chien-Pao||FocusSash|SwordofRuin|IceSpinner,ThroatChop,SuckerPunch,Protect||||||50|,,,,,Ghost]Indeedee-F||SafetyGoggles|PsychicSurge|HelpingHand,TrickRoom,Psyshock,FollowMe|||F|||50|,,,,,Water]Zamazenta-Crowned||RustedShield|DauntlessShield|behemothbash,BodyPress,WideGuard,Imprison||||||50|,,,,,Grass]Ursaluna-Bloodmoon||LifeOrb|MindsEye|BloodMoon,EarthPower,HyperVoice,Moonblast|||M|||50|,,,,,Ground\n|showteam|p2|Groudon||ClearAmulet|Drought|PrecipiceBlades,HeatCrash,StompingTantrum,Protect||||||50|,,,,,Fire]Lunala||PowerHerb|ShadowShield|MoongeistBeam,MeteorBeam,WideGuard,TrickRoom||||||50|,,,,,Fairy]Incineroar||SafetyGoggles|Intimidate|KnockOff,FakeOut,FlareBlitz,PartingShot|||F|||50|,,,,,Ghost]Ogerpon-Hearthflame||HearthflameMask|MoldBreaker|IvyCudgel,WoodHammer,FollowMe,SpikyShield|||F|||50|,,,,,Fire]Walking Wake||LifeOrb|Protosynthesis|WeatherBall,HydroSteam,DracoMeteor,Protect||||||50|,,,,,Fire]Rillaboom||AssaultVest|GrassySurge|FakeOut,GrassyGlide,Uturn,WoodHammer|||M|||50|,,,,,Fire\n|inactive|Battle timer is ON: inactive players will automatically lose when time's up. (requested by bathilra)\n|inactive|CouchChris has 60 seconds left.\n|\n|t:|1745981739\n|start\n|switch|p1a: Ursaluna|Ursaluna-Bloodmoon, L50, M|100/100\n|switch|p1b: cadence|Chien-Pao, L50|100/100\n|switch|p2a: Lunala|Lunala, L50|100/100\n|switch|p2b: Rillaboom|Rillaboom, L50, M|100/100\n|-ability|p1b: cadence|Sword of Ruin\n|-fieldstart|move: Grassy Terrain|[from] ability: Grassy Surge|[of] p2b: Rillaboom\n|turn|1\n|inactive|CouchChris has 30 seconds left.\n|inactive|CouchChris has 20 seconds left.\n|inactive|CouchChris has 15 seconds left.\n|\n|t:|1745981779\n|-terastallize|p1b: cadence|Ghost\n|move|p2b: Rillaboom|Grassy Glide|p1b: cadence\n|-damage|p1b: cadence|54/100\n|move|p1b: cadence|Ice Spinner|p2b: Rillaboom\n|-supereffective|p2b: Rillaboom\n|-damage|p2b: Rillaboom|0 fnt\n|-fieldend|move: Grassy Terrain\n|faint|p2b: Rillaboom\n|move|p2a: Lunala|Meteor Beam||[still]\n|-prepare|p2a: Lunala|Meteor Beam\n|-boost|p2a: Lunala|spa|1\n|-enditem|p2a: Lunala|Power Herb\n|-anim|p2a: Lunala|Meteor Beam|p1b: cadence\n|-damage|p1b: cadence|0 fnt\n|faint|p1b: cadence\n|move|p1a: Ursaluna|Blood Moon|p2a: Lunala\n|-damage|p2a: Lunala|64/100\n|-damage|p1a: Ursaluna|90/100|[from] item: Life Orb\n|\n|upkeep\n|\n|t:|1745981801\n|switch|p1b: Gyro|Calyrex-Shadow, L50|100/100\n|switch|p2b: Groudon|Groudon, L50|100/100\n|-ability|p1b: Gyro|As One\n|-ability|p1b: Gyro|Unnerve\n|-weather|SunnyDay|[from] ability: Drought|[of] p2b: Groudon\n|turn|2\n|inactive|CouchChris has 30 seconds left.\n|\n|t:|1745981831\n|-terastallize|p2a: Lunala|Fairy\n|move|p1b: Gyro|Protect|p1b: Gyro\n|-singleturn|p1b: Gyro|Protect\n|move|p2a: Lunala|Moongeist Beam|p1b: Gyro\n|-activate|p1b: Gyro|move: Protect\n|move|p2b: Groudon|Precipice Blades|p1b: Gyro|[spread] p1a\n|-activate|p1b: Gyro|move: Protect\n|-damage|p1a: Ursaluna|54/100\n|move|p1a: Ursaluna|Hyper Voice|p2b: Groudon|[spread] p2a,p2b\n|-damage|p2a: Lunala|25/100\n|-damage|p2b: Groudon|52/100\n|-damage|p1a: Ursaluna|44/100|[from] item: Life Orb\n|\n|-weather|SunnyDay|[upkeep]\n|upkeep\n|turn|3\n|inactive|CouchChris has 30 seconds left.\n|inactive|CouchChris has 20 seconds left.\n|inactive|CouchChris has 15 seconds left.\n|\n|t:|1745981871\n|move|p2a: Lunala|Wide Guard|p2a: Lunala\n|-singleturn|p2a: Lunala|Wide Guard\n|move|p1b: Gyro|Astral Barrage|p2b: Groudon|[spread] \n|-activate|p2a: Lunala|move: Wide Guard\n|-activate|p2b: Groudon|move: Wide Guard\n|move|p2b: Groudon|Precipice Blades|p1b: Gyro|[spread] p1a,p1b\n|-damage|p1a: Ursaluna|6/100\n|-damage|p1b: Gyro|29/100\n|move|p1a: Ursaluna|Blood Moon|p2a: Lunala\n|-damage|p2a: Lunala|0 fnt\n|faint|p2a: Lunala\n|-damage|p1a: Ursaluna|0 fnt|[from] item: Life Orb\n|faint|p1a: Ursaluna\n|\n|-weather|SunnyDay|[upkeep]\n|upkeep\n|\n|t:|1745981887\n|switch|p2a: Walking Wake|Walking Wake, L50|100/100\n|switch|p1a: Uncle eli|Zamazenta-Crowned, L50|100/100\n|-ability|p1a: Uncle eli|Dauntless Shield|boost\n|-boost|p1a: Uncle eli|def|1\n|-activate|p2a: Walking Wake|ability: Protosynthesis\n|-start|p2a: Walking Wake|protosynthesisspe\n|turn|4\n|inactive|CouchChris has 30 seconds left.\n|\n|t:|1745981917\n|move|p2a: Walking Wake|Weather Ball|p1a: Uncle eli\n|-supereffective|p1a: Uncle eli\n|-damage|p1a: Uncle eli|13/100\n|-damage|p2a: Walking Wake|91/100|[from] item: Life Orb\n|move|p1b: Gyro|Astral Barrage|p2a: Walking Wake|[spread] p2a,p2b\n|-damage|p2a: Walking Wake|20/100\n|-damage|p2b: Groudon|0 fnt\n|faint|p2b: Groudon\n|-ability|p1b: Gyro|Grim Neigh|boost\n|-boost|p1b: Gyro|spa|1\n|move|p1a: Uncle eli|Body Press|p2a: Walking Wake\n|-damage|p2a: Walking Wake|0 fnt\n|faint|p2a: Walking Wake\n|-end|p2a: Walking Wake|Protosynthesis|[silent]\n|\n|win|bathilra\n|inactive|bathilra has 30 seconds to confirm battle start!\n|inactive|CouchChris has 30 seconds to confirm battle start!\n", "uploadtime": 1745981928, "views": 14, "formatid": "gen9vgc2025regibo3", "rating": null, "private": 0, "password": null}