{"id": "gen9vgc2025regibo3-2353721741", "format": "[Gen 9] VGC 2025 Reg I (Bo3)", "players": ["tnobes.bot", "Markingdra"], "log": "|j|\u2606tnobes.bot\n|j|\u2606Markingdra\n|html|<table width=\"100%\"><tr><td align=\"left\">tnobes.bot</td><td align=\"right\">Markingdra</tr><tr><td align=\"left\"><i class=\"fa fa-circle\"></i> <i class=\"fa fa-circle-o\"></i> </td><td align=\"right\"><i class=\"fa fa-circle-o\"></i> <i class=\"fa fa-circle-o\"></i> </tr></table>\n|uhtml|bestof|<h2><strong>Game 2</strong> of <a href=\"/game-bestof3-gen9vgc2025regibo3-2353720107\">a best-of-3</a></h2>\n|t:|1745988677\n|gametype|doubles\n|player|p1|tnobes.bot|169|1041\n|player|p2|Markingdra|rocketgrunt|1102\n|teamsize|p1|6\n|teamsize|p2|6\n|gen|9\n|tier|[Gen 9] VGC 2025 Reg I (Bo3)\n|rated|\n|rule|Species Clause: Limit one of each Pok\u00e9mon\n|rule|Item Clause: Limit 1 of each item\n|clearpoke\n|poke|p1|Miraidon, L50|\n|poke|p1|Calyrex-Ice, L50|\n|poke|p1|Landorus, L50, M|\n|poke|p1|Ogerpon-Hearthflame, L50, F|\n|poke|p1|Iron Jugulis, L50|\n|poke|p1|Urshifu-*, L50, M|\n|poke|p2|Koraidon, L50|\n|poke|p2|Lunala, L50|\n|poke|p2|Indeedee-F, L50, F|\n|poke|p2|Ursaluna, L50, F|\n|poke|p2|Chi-Yu, L50|\n|poke|p2|Whimsicott, L50, M|\n|teampreview|4\n|showteam|p1|Miraidon||ChoiceSpecs|HadronEngine|VoltSwitch,DracoMeteor,ElectroDrift,DazzlingGleam||||||50|,,,,,Fairy]Calyrex-Ice||ClearAmulet|AsOneGlastrier|GlacialLance,HighHorsepower,Protect,TrickRoom||||||50|,,,,,Water]Landorus||LifeOrb|SheerForce|SandsearStorm,SludgeBomb,EarthPower,Protect|||M|||50|,,,,,Water]Ogerpon-Hearthflame||HearthflameMask|MoldBreaker|IvyCudgel,HornLeech,FollowMe,SpikyShield|||F|||50|,,,,,Fire]Iron Jugulis||BoosterEnergy|QuarkDrive|Tailwind,AirSlash,Snarl,Protect||||||50|,,,,,Poison]Urshifu-Rapid-Strike||MysticWater|UnseenFist|SurgingStrikes,CloseCombat,AquaJet,Detect|||M|||50|,,,,,Water\n|showteam|p2|Koraidon||LifeOrb|OrichalcumPulse|CloseCombat,FlareBlitz,BreakingSwipe,Protect||||||50|,,,,,Fire]Lunala||PowerHerb|ShadowShield|WideGuard,ExpandingForce,MoongeistBeam,MeteorBeam||||||50|,,,,,Water]Indeedee-F||RockyHelmet|PsychicSurge|FollowMe,HelpingHand,TrickRoom,Psychic|||F|||50|,,,,,Water]Ursaluna||FlameOrb|Guts|Facade,HeadlongRush,Earthquake,Protect|||F|||50|,,,,,Fairy]Chi-Yu||ChoiceScarf|BeadsofRuin|HeatWave,Overheat,DarkPulse,Snarl||||||50|,,,,,Fire]Whimsicott||FocusSash|Prankster|SunnyDay,Tailwind,Moonblast,GrassKnot|||M|||50|,,,,,Water\n|inactive|Battle timer is ON: inactive players will automatically lose when time's up. (requested by Markingdra)\n|\n|t:|1745988693\n|start\n|switch|p1a: Miraidon|Miraidon, L50|100/100\n|switch|p1b: Iron Jugulis|Iron Jugulis, L50|100/100\n|switch|p2a: Indeedee|Indeedee-F, L50, F|100/100\n|switch|p2b: Ursaluna|Ursaluna, L50, F|100/100\n|-fieldstart|move: Electric Terrain|[from] ability: Hadron Engine|[of] p1a: Miraidon\n|-activate|p1b: Iron Jugulis|ability: Quark Drive\n|-start|p1b: Iron Jugulis|quarkdrivespe\n|-fieldstart|move: Psychic Terrain|[from] ability: Psychic Surge|[of] p2a: Indeedee\n|-end|p1b: Iron Jugulis|Quark Drive\n|-enditem|p1b: Iron Jugulis|Booster Energy\n|-activate|p1b: Iron Jugulis|ability: Quark Drive|[fromitem]\n|-start|p1b: Iron Jugulis|quarkdrivespe\n|turn|1\n|inactive|Markingdra has 30 seconds left.\n|inactive|Markingdra has 20 seconds left.\n|inactive|Markingdra has 15 seconds left.\n|inactive|Markingdra has 10 seconds left.\n|\n|t:|1745988739\n|move|p1b: Iron Jugulis|Air Slash|p2a: Indeedee\n|-damage|p2a: Indeedee|70/100\n|move|p1a: Miraidon|Volt Switch|p2a: Indeedee\n|-damage|p2a: Indeedee|21/100\n|\n|t:|1745988746\n|switch|p1a: Calyrex|Calyrex-Ice, L50|100/100|[from] Volt Switch\n|-ability|p1a: Calyrex|As One\n|-ability|p1a: Calyrex|Unnerve\n|move|p2b: Ursaluna|Facade|p1a: Calyrex\n|-damage|p1a: Calyrex|72/100\n|move|p2a: Indeedee|Trick Room|p2a: Indeedee\n|-fieldstart|move: Trick Room|[of] p2a: Indeedee\n|\n|-status|p2b: Ursaluna|brn|[from] item: Flame Orb\n|upkeep\n|turn|2\n|inactive|tnobes.bot has 30 seconds left.\n|inactive|tnobes.bot has 20 seconds left.\n|\n|t:|1745988782\n|-terastallize|p2b: Ursaluna|Fairy\n|move|p2a: Indeedee|Helping Hand|p2b: Ursaluna\n|-singleturn|p2b: Ursaluna|Helping Hand|[of] p2a: Indeedee\n|move|p2b: Ursaluna|Facade|p1a: Calyrex\n|-damage|p1a: Calyrex|0 fnt\n|faint|p1a: Calyrex\n|move|p1b: Iron Jugulis|Snarl|p2b: Ursaluna|[spread] p2a,p2b\n|-supereffective|p2a: Indeedee\n|-resisted|p2b: Ursaluna\n|-damage|p2a: Indeedee|0 fnt\n|-damage|p2b: Ursaluna|92/100 brn\n|-unboost|p2b: Ursaluna|spa|1\n|faint|p2a: Indeedee\n|\n|-damage|p2b: Ursaluna|86/100 brn|[from] brn\n|upkeep\n|\n|t:|1745988801\n|switch|p1a: Miraidon|Miraidon, L50|100/100\n|switch|p2a: Lunala|Lunala, L50|100/100\n|-fieldstart|move: Electric Terrain|[from] ability: Hadron Engine|[of] p1a: Miraidon\n|turn|3\n|inactive|tnobes.bot has 30 seconds left.\n|\n|t:|1745988826\n|move|p2b: Ursaluna|Headlong Rush|p1a: Miraidon\n|-supereffective|p1a: Miraidon\n|-damage|p1a: Miraidon|0 fnt\n|-unboost|p2b: Ursaluna|def|1\n|-unboost|p2b: Ursaluna|spd|1\n|faint|p1a: Miraidon\n|move|p2a: Lunala|Meteor Beam||[still]\n|-prepare|p2a: Lunala|Meteor Beam\n|-boost|p2a: Lunala|spa|1\n|-enditem|p2a: Lunala|Power Herb\n|-anim|p2a: Lunala|Meteor Beam|p1b: Iron Jugulis|[miss]\n|-miss|p2a: Lunala|p1b: Iron Jugulis\n|move|p1b: Iron Jugulis|Snarl|p2a: Lunala|[spread] p2a,p2b\n|-supereffective|p2a: Lunala\n|-resisted|p2b: Ursaluna\n|-damage|p2a: Lunala|73/100\n|-damage|p2b: Ursaluna|72/100 brn\n|-unboost|p2a: Lunala|spa|1\n|-unboost|p2b: Ursaluna|spa|1\n|\n|-damage|p2b: Ursaluna|66/100 brn|[from] brn\n|upkeep\n|\n|t:|1745988831\n|switch|p1a: Landorus|Landorus, L50, M|100/100\n|turn|4\n|inactive|Markingdra has 30 seconds left.\n|j| Fancy Cucudrula\n|inactive|Markingdra has 20 seconds left.\n|\n|t:|1745988867\n|move|p1a: Landorus|Protect|p1a: Landorus\n|-singleturn|p1a: Landorus|Protect\n|move|p2a: Lunala|Wide Guard|p2a: Lunala\n|-singleturn|p2a: Lunala|Wide Guard\n|move|p2b: Ursaluna|Facade|p1a: Landorus\n|-activate|p1a: Landorus|move: Protect\n|move|p1b: Iron Jugulis|Snarl|p2b: Ursaluna|[spread] \n|-activate|p2a: Lunala|move: Wide Guard\n|-activate|p2b: Ursaluna|move: Wide Guard\n|\n|-damage|p2b: Ursaluna|60/100 brn|[from] brn\n|upkeep\n|turn|5\n|\n|t:|1745988883\n|move|p1a: Landorus|Protect||[still]\n|-fail|p1a: Landorus\n|move|p1b: Iron Jugulis|Protect|p1b: Iron Jugulis\n|-singleturn|p1b: Iron Jugulis|Protect\n|move|p2b: Ursaluna|Facade|p1a: Landorus\n|-damage|p1a: Landorus|0 fnt\n|faint|p1a: Landorus\n|move|p2a: Lunala|Meteor Beam||[still]\n|-prepare|p2a: Lunala|Meteor Beam\n|-boost|p2a: Lunala|spa|1\n|\n|-damage|p2b: Ursaluna|55/100 brn|[from] brn\n|-fieldend|move: Trick Room\n|upkeep\n|turn|6\n|-message|tnobes.bot forfeited.\n|\n|win|Markingdra\n||Markingdra is ready for game 3.\n||tnobes.bot is ready for game 3.\n|uhtml|next|Next: <a href=\"/battle-gen9vgc2025regibo3-2353723138\"><strong>Game 3 of 3</strong></a>\n|l| Fancy Cucudrula\n|j| Fancy Cucudrula\n|l| Fancy Cucudrula\n|l|\u2606Markingdra\n|player|p2|\n|l|\u2606tnobes.bot\n|player|p1|\n", "uploadtime": 1745989225, "views": 6, "formatid": "gen9vgc2025regibo3", "rating": null, "private": 0, "password": null}