{"id": "gen9vgc2025regibo3-2354134902", "format": "[Gen 9] VGC 2025 Reg I (Bo3)", "players": ["thecascader34", "dagrzekrom"], "log": "|j|\u2606thecascader34\n|j|\u2606dagrzekrom\n|html|<table width=\"100%\"><tr><td align=\"left\">thecascader34</td><td align=\"right\">dagrzekrom</tr><tr><td align=\"left\"><i class=\"fa fa-circle-o\"></i> <i class=\"fa fa-circle-o\"></i> </td><td align=\"right\"><i class=\"fa fa-circle-o\"></i> <i class=\"fa fa-circle-o\"></i> </tr></table>\n|uhtml|bestof|<h2><strong>Game 1</strong> of <a href=\"/game-bestof3-gen9vgc2025regibo3-2354134901\">a best-of-3</a></h2>\n|t:|1746037852\n|gametype|doubles\n|player|p1|thecascader34|ingo-hisui|1075\n|player|p2|dagrzekrom|265|1117\n|teamsize|p1|6\n|teamsize|p2|6\n|gen|9\n|tier|[Gen 9] VGC 2025 Reg I (Bo3)\n|rated|\n|rule|Species Clause: Limit one of each Pok\u00e9mon\n|rule|Item Clause: Limit 1 of each item\n|clearpoke\n|poke|p1|Thundurus, L50, M|\n|poke|p1|Lunala, L50|\n|poke|p1|Koraidon, L50|\n|poke|p1|Sneasler, L50, M|\n|poke|p1|Incineroar, L50, F|\n|poke|p1|Bronzong, L50|\n|poke|p2|Lunala, L50|\n|poke|p2|Koraidon, L50|\n|poke|p2|Flutter Mane, L50|\n|poke|p2|Brute Bonnet, L50|\n|poke|p2|Indeedee-F, L50, F|\n|poke|p2|Roaring Moon, L50|\n|teampreview|4\n|showteam|p1|Thundurus||CovertCloak|Prankster|ThunderWave,Swagger,WildboltStorm,Taunt|||M|||50|,,,,,Steel]Lunala||PowerHerb|ShadowShield|MeteorBeam,Moonblast,MoongeistBeam,ExpandingForce||||||50|,,,,,Normal]Koraidon||LifeOrb|OrichalcumPulse|FlareBlitz,CollisionCourse,DragonClaw,Protect||||||50|,,,,,Fairy]Sneasler||MirrorHerb|Unburden|CloseCombat,DireClaw,Acrobatics,Protect|||M|||50|,,,,,Dark]Incineroar||AssaultVest|Intimidate|KnockOff,FlareBlitz,Uturn,FakeOut|||F|||50|,,,,,Ghost]Bronzong||Leftovers|Heatproof|TrickRoom,GyroBall,PsychicNoise,ShadowBall||||||50|,,,,,Bug\n|showteam|p2|Lunala||PowerHerb|ShadowShield|TrickRoom,MoongeistBeam,MeteorBeam,WideGuard||||||50|,,,,,Water]Koraidon||LifeOrb|OrichalcumPulse|CloseCombat,FlareBlitz,FlameCharge,Protect||||||50|,,,,,Fire]Flutter Mane||FocusSash|Protosynthesis|Protect,IcyWind,Moonblast,ShadowBall||||||50|,,,,,Ghost]Brute Bonnet||CovertCloak|Protosynthesis|Spore,RagePowder,SeedBomb,SuckerPunch||||||50|,,,,,Water]Indeedee-F||RockyHelmet|PsychicSurge|FollowMe,TrickRoom,HelpingHand,AlluringVoice|||F|||50|,,,,,Psychic]Roaring Moon||BoosterEnergy|Protosynthesis|Acrobatics,Tailwind,KnockOff,Protect||||||50|,,,,,Flying\n|\n|t:|1746037884\n|start\n|switch|p1a: Bronzong|Bronzong, L50|100/100\n|switch|p1b: Lunala|Lunala, L50|100/100\n|switch|p2a: Indeedee|Indeedee-F, L50, F|100/100\n|switch|p2b: Koraidon|Koraidon, L50|100/100\n|-weather|SunnyDay|[from] ability: Orichalcum Pulse|[of] p2b: Koraidon\n|-activate|p2b: Koraidon|Orichalcum Pulse|[source]\n|-fieldstart|move: Psychic Terrain|[from] ability: Psychic Surge|[of] p2a: Indeedee\n|turn|1\n|\n|t:|1746037915\n|-terastallize|p2b: Koraidon|Fire\n|move|p2a: Indeedee|Helping Hand|p2b: Koraidon\n|-singleturn|p2b: Koraidon|Helping Hand|[of] p2a: Indeedee\n|move|p2b: Koraidon|Flare Blitz|p1b: Lunala\n|-damage|p1b: Lunala|0 fnt\n|faint|p1b: Lunala\n|-damage|p2b: Koraidon|61/100|[from] Recoil\n|-damage|p2b: Koraidon|51/100|[from] item: Life Orb\n|move|p1a: Bronzong|Psychic Noise|p2b: Koraidon\n|-damage|p2b: Koraidon|11/100\n|-start|p2b: Koraidon|move: Heal Block\n|\n|-weather|SunnyDay|[upkeep]\n|upkeep\n|\n|t:|1746037924\n|switch|p1b: Incineroar|Incineroar, L50, F|100/100\n|-ability|p1b: Incineroar|Intimidate|boost\n|-unboost|p2a: Indeedee|atk|1\n|-unboost|p2b: Koraidon|atk|1\n|turn|2\n|\n|t:|1746037939\n|move|p2a: Indeedee|Helping Hand|p2b: Koraidon\n|-singleturn|p2b: Koraidon|Helping Hand|[of] p2a: Indeedee\n|move|p2b: Koraidon|Flare Blitz|p1a: Bronzong\n|-supereffective|p1a: Bronzong\n|-damage|p1a: Bronzong|0 fnt\n|faint|p1a: Bronzong\n|-damage|p2b: Koraidon|0 fnt|[from] Recoil\n|faint|p2b: Koraidon\n|move|p1b: Incineroar|Knock Off|p2a: Indeedee\n|-supereffective|p2a: Indeedee\n|-damage|p2a: Indeedee|9/100\n|-damage|p1b: Incineroar|84/100|[from] item: Rocky Helmet|[of] p2a: Indeedee\n|-enditem|p2a: Indeedee|Rocky Helmet|[from] move: Knock Off|[of] p1b: Incineroar\n|\n|-weather|SunnyDay|[upkeep]\n|upkeep\n|\n|t:|1746037954\n|switch|p2b: Lunala|Lunala, L50|100/100\n|switch|p1a: Koraidon|Koraidon, L50|100/100\n|-activate|p1a: Koraidon|ability: Orichalcum Pulse\n|turn|3\n|\n|t:|1746037970\n|-terastallize|p1a: Koraidon|Fairy\n|move|p2a: Indeedee|Follow Me|p2a: Indeedee\n|-singleturn|p2a: Indeedee|move: Follow Me\n|move|p1a: Koraidon|Flare Blitz|p2a: Indeedee\n|-damage|p2a: Indeedee|0 fnt\n|faint|p2a: Indeedee\n|-damage|p1a: Koraidon|98/100|[from] Recoil\n|-damage|p1a: Koraidon|88/100|[from] item: Life Orb\n|move|p2b: Lunala|Moongeist Beam|p1b: Incineroar\n|-resisted|p1b: Incineroar\n|-damage|p1b: Incineroar|64/100\n|move|p1b: Incineroar|Knock Off|p2b: Lunala\n|-supereffective|p2b: Lunala\n|-damage|p2b: Lunala|9/100\n|-enditem|p2b: Lunala|Power Herb|[from] move: Knock Off|[of] p1b: Incineroar\n|\n|-weather|SunnyDay|[upkeep]\n|upkeep\n|\n|t:|1746037993\n|switch|p2a: Brute Bonnet|Brute Bonnet, L50|100/100\n|-activate|p2a: Brute Bonnet|ability: Protosynthesis\n|-start|p2a: Brute Bonnet|protosynthesisdef\n|turn|4\n|\n|t:|1746038011\n|move|p2a: Brute Bonnet|Rage Powder|p2a: Brute Bonnet\n|-singleturn|p2a: Brute Bonnet|move: Rage Powder\n|move|p1a: Koraidon|Flare Blitz|p2a: Brute Bonnet\n|-supereffective|p2a: Brute Bonnet\n|-damage|p2a: Brute Bonnet|0 fnt\n|faint|p2a: Brute Bonnet\n|-end|p2a: Brute Bonnet|Protosynthesis|[silent]\n|-damage|p1a: Koraidon|48/100|[from] Recoil\n|-damage|p1a: Koraidon|39/100|[from] item: Life Orb\n|move|p2b: Lunala|Moongeist Beam|p1a: Koraidon\n|-damage|p1a: Koraidon|0 fnt\n|faint|p1a: Koraidon\n|move|p1b: Incineroar|Flare Blitz|p2b: Lunala\n|-damage|p2b: Lunala|0 fnt\n|faint|p2b: Lunala\n|-damage|p1b: Incineroar|61/100|[from] Recoil\n|\n|win|thecascader34\n||dagrzekrom is ready for game 2.\n||thecascader34 is ready for game 2.\n|uhtml|next|Next: <a href=\"/battle-gen9vgc2025regibo3-2354136814\"><strong>Game 2 of 3</strong></a>\n|l|\u2606dagrzekrom\n|player|p2|\n", "uploadtime": 1746038264, "views": 6, "formatid": "gen9vgc2025regibo3", "rating": null, "private": 0, "password": null}