{"id": "gen9vgc2025regibo3-2354192766", "format": "[Gen 9] VGC 2025 Reg I (Bo3)", "players": ["Jacrepid", "Luckstat10"], "log": "|j|\u2606Jacrepid\n|j|\u2606Luckstat10\n|html|<table width=\"100%\"><tr><td align=\"left\">Jacrepid</td><td align=\"right\">Luckstat10</tr><tr><td align=\"left\"><i class=\"fa fa-circle-o\"></i> <i class=\"fa fa-circle-o\"></i> </td><td align=\"right\"><i class=\"fa fa-circle-o\"></i> <i class=\"fa fa-circle-o\"></i> </tr></table>\n|uhtml|bestof|<h2><strong>Game 1</strong> of <a href=\"/game-bestof3-gen9vgc2025regibo3-2354192765\">a best-of-3</a></h2>\n|t:|1746043230\n|gametype|doubles\n|player|p1|Jacrepid|n|1268\n|player|p2|Luckstat10|265|1269\n|teamsize|p1|6\n|teamsize|p2|6\n|gen|9\n|tier|[Gen 9] VGC 2025 Reg I (Bo3)\n|rated|\n|rule|Species Clause: Limit one of each Pok\u00e9mon\n|rule|Item Clause: Limit 1 of each item\n|clearpoke\n|poke|p1|Miraidon, L50|\n|poke|p1|Lunala, L50|\n|poke|p1|Urshifu-*, L50, F|\n|poke|p1|Iron Hands, L50|\n|poke|p1|Whimsicott, L50, M|\n|poke|p1|Chi-Yu, L50|\n|poke|p2|Zamazenta-*, L50|\n|poke|p2|Urshifu-*, L50, M|\n|poke|p2|Tornadus, L50, M|\n|poke|p2|Calyrex-Shadow, L50|\n|poke|p2|Ogerpon-Hearthflame, L50, F|\n|poke|p2|Chien-Pao, L50|\n|teampreview|4\n|showteam|p1|Miraidon||ChoiceSpecs|HadronEngine|ElectroDrift,DracoMeteor,VoltSwitch,DazzlingGleam||||||50|,,,,,Fairy]Lunala||ElectricSeed|ShadowShield|MoongeistBeam,Moonblast,WideGuard,TrickRoom||||||50|,,,,,Fairy]Urshifu-Rapid-Strike||FocusSash|UnseenFist|SurgingStrikes,CloseCombat,AquaJet,Detect|||F|||50|,,,,,Stellar]Iron Hands||AssaultVest|QuarkDrive|LowKick,WildCharge,DrainPunch,FakeOut||||||50|,,,,,Water]Whimsicott||CovertCloak|Prankster|Moonblast,Tailwind,Encore,LightScreen|||M|||50|,,,,,Dark]Chi-Yu||ChoiceScarf|BeadsofRuin|Overheat,HeatWave,DarkPulse,Snarl||||||50|,,,,,Ghost\n|showteam|p2|Zamazenta-Crowned||RustedShield|DauntlessShield|BodyPress,HeavySlam,WideGuard,Protect||||||50|,,,,,Dragon]Urshifu-Rapid-Strike||ChoiceScarf|UnseenFist|SurgingStrikes,CloseCombat,Coaching,Uturn|||M|||50|,,,,,Ghost]Tornadus||CovertCloak|Prankster|Tailwind,RainDance,BleakwindStorm,Taunt|||M|||50|,,,,,Dark]Calyrex-Shadow||LifeOrb|AsOneSpectrier|AstralBarrage,Psychic,DarkPulse,Protect||||||50|,,,,,Dark]Ogerpon-Hearthflame||HearthflameMask|MoldBreaker|IvyCudgel,WoodHammer,FollowMe,SpikyShield|||F|||50|,,,,,Fire]Chien-Pao||FocusSash|SwordofRuin|IceSpinner,ThroatChop,SuckerPunch,Protect||||||50|,,,,,Ghost\n|inactive|Battle timer is ON: inactive players will automatically lose when time's up. (requested by Jacrepid)\n|inactive|Luckstat10 has 60 seconds left.\n|\n|t:|1746043263\n|start\n|switch|p1a: Chi-Yu|Chi-Yu, L50|100/100\n|switch|p1b: Lunala|Lunala, L50|100/100\n|switch|p2a: Embo|Zamazenta-Crowned, L50|100/100\n|switch|p2b: Chien-Pao|Chien-Pao, L50|100/100\n|-ability|p1a: Chi-Yu|Beads of Ruin\n|-ability|p2b: Chien-Pao|Sword of Ruin\n|-ability|p2a: Embo|Dauntless Shield|boost\n|-boost|p2a: Embo|def|1\n|turn|1\n|\n|t:|1746043283\n|-terastallize|p2a: Embo|Dragon\n|move|p1a: Chi-Yu|Heat Wave|p2b: Chien-Pao|[spread] p2b\n|-miss|p1a: Chi-Yu|p2a: Embo\n|-supereffective|p2b: Chien-Pao\n|-enditem|p2b: Chien-Pao|Focus Sash\n|-damage|p2b: Chien-Pao|1/100\n|-status|p2b: Chien-Pao|brn\n|move|p2b: Chien-Pao|Throat Chop|p1b: Lunala\n|-supereffective|p1b: Lunala\n|-damage|p1b: Lunala|55/100\n|-start|p1b: Lunala|Throat Chop|[silent]\n|move|p2a: Embo|Body Press|p1a: Chi-Yu\n|-supereffective|p1a: Chi-Yu\n|-damage|p1a: Chi-Yu|0 fnt\n|faint|p1a: Chi-Yu\n|move|p1b: Lunala|Moonblast|p2b: Chien-Pao\n|-supereffective|p2b: Chien-Pao\n|-crit|p2b: Chien-Pao\n|-damage|p2b: Chien-Pao|0 fnt\n|faint|p2b: Chien-Pao\n|\n|upkeep\n|\n|t:|1746043299\n|switch|p2b: Rev 6:8|Calyrex-Shadow, L50|100/100\n|switch|p1a: Miraidon|Miraidon, L50|100/100\n|-ability|p2b: Rev 6:8|As One\n|-ability|p2b: Rev 6:8|Unnerve\n|-fieldstart|move: Electric Terrain|[from] ability: Hadron Engine|[of] p1a: Miraidon\n|-enditem|p1b: Lunala|Electric Seed\n|-boost|p1b: Lunala|def|1|[from] item: Electric Seed\n|turn|2\n|\n|t:|1746043312\n|-terastallize|p1b: Lunala|Fairy\n|move|p2b: Rev 6:8|Dark Pulse|p1b: Lunala\n|-resisted|p1b: Lunala\n|-damage|p1b: Lunala|38/100\n|-damage|p2b: Rev 6:8|91/100|[from] item: Life Orb\n|move|p1a: Miraidon|Electro Drift|p2b: Rev 6:8\n|-damage|p2b: Rev 6:8|0 fnt\n|faint|p2b: Rev 6:8\n|move|p2a: Embo|Body Press|p1a: Miraidon\n|-damage|p1a: Miraidon|33/100\n|move|p1b: Lunala|Moonblast|p2a: Embo\n|-supereffective|p2a: Embo\n|-damage|p2a: Embo|25/100\n|-unboost|p2a: Embo|spa|1\n|\n|-end|p1b: Lunala|Throat Chop|[silent]\n|upkeep\n|\n|t:|1746043314\n|switch|p2b: Onion|Ogerpon-Hearthflame, L50, F|100/100\n|-ability|p2b: Onion|Mold Breaker\n|turn|3\n|inactive|Luckstat10 has 30 seconds left.\n|\n|t:|1746043349\n|move|p2b: Onion|Follow Me|p2b: Onion\n|-singleturn|p2b: Onion|move: Follow Me\n|move|p1a: Miraidon|Electro Drift|p2b: Onion\n|-resisted|p2b: Onion\n|-damage|p2b: Onion|17/100\n|move|p2a: Embo|Body Press|p1a: Miraidon\n|-damage|p1a: Miraidon|0 fnt\n|faint|p1a: Miraidon\n|move|p1b: Lunala|Moongeist Beam|p2b: Onion\n|-damage|p2b: Onion|0 fnt\n|faint|p2b: Onion\n|\n|upkeep\n|\n|t:|1746043355\n|switch|p1a: Urshifu|Urshifu-Rapid-Strike, L50, F|100/100\n|turn|4\n|\n|t:|1746043359\n|move|p2a: Embo|Heavy Slam|p1b: Lunala\n|-supereffective|p1b: Lunala\n|-damage|p1b: Lunala|0 fnt\n|faint|p1b: Lunala\n|move|p1a: Urshifu|Close Combat|p2a: Embo\n|-damage|p2a: Embo|0 fnt\n|-unboost|p1a: Urshifu|def|1\n|-unboost|p1a: Urshifu|spd|1\n|faint|p2a: Embo\n|\n|win|Jacrepid\n||Luckstat10 is ready for game 2.\n||Jacrepid is ready for game 2.\n|uhtml|next|Next: <a href=\"/battle-gen9vgc2025regibo3-2354194152\"><strong>Game 2 of 3</strong></a>\n", "uploadtime": 1746043540, "views": 8, "formatid": "gen9vgc2025regibo3", "rating": null, "private": 0, "password": null}