{"id": "gen9vgc2025regibo3-2353661977", "format": "[Gen 9] VGC 2025 Reg I (Bo3)", "players": ["carrotgodtype0", "escapadian"], "log": "|j|\u2606carrotgodtype0\n|j|\u2606escapadian\n|html|<table width=\"100%\"><tr><td align=\"left\">carrotgodtype0</td><td align=\"right\">escapadian</tr><tr><td align=\"left\"><i class=\"fa fa-circle-o\"></i> <i class=\"fa fa-circle-o\"></i> </td><td align=\"right\"><i class=\"fa fa-circle-o\"></i> <i class=\"fa fa-circle-o\"></i> </tr></table>\n|uhtml|bestof|<h2><strong>Game 1</strong> of <a href=\"/game-bestof3-gen9vgc2025regibo3-2353661973\">a best-of-3</a></h2>\n|t:|1745980454\n|gametype|doubles\n|player|p1|carrotgodtype0|170|1074\n|player|p2|escapadian|rocketgruntf|1191\n|teamsize|p1|6\n|teamsize|p2|6\n|gen|9\n|tier|[Gen 9] VGC 2025 Reg I (Bo3)\n|rated|\n|rule|Species Clause: Limit one of each Pok\u00e9mon\n|rule|Item Clause: Limit 1 of each item\n|clearpoke\n|poke|p1|Miraidon, L50|\n|poke|p1|Kyogre, L50|\n|poke|p1|Urshifu-*, L50, M|\n|poke|p1|Tornadus, L50, M|\n|poke|p1|Iron Bundle, L50|\n|poke|p1|Incineroar, L50, M|\n|poke|p2|Miraidon, L50|\n|poke|p2|Farigiraf, L50, F|\n|poke|p2|Iron Hands, L50|\n|poke|p2|Grimmsnarl, L50, M|\n|poke|p2|Urshifu-*, L50, M|\n|poke|p2|Groudon, L50|\n|teampreview|4\n|showteam|p1|Miraidon||ChoiceSpecs|HadronEngine|VoltSwitch,Thunder,DracoMeteor,DazzlingGleam||||||50|,,,,,Electric]Kyogre||AssaultVest|Drizzle|WaterSpout,OriginPulse,Thunder,IceBeam||||||50|,,,,,Water]Urshifu-Rapid-Strike||FocusSash|UnseenFist|CloseCombat,Protect,SurgingStrikes,Uturn|||M|||50|,,,,,Water]Tornadus||ClearAmulet|Prankster|BleakwindStorm,RainDance,Protect,Tailwind|||M|||50|,,,,,Dark]Iron Bundle||LifeOrb|QuarkDrive|FreezeDry,FlipTurn,HydroPump,IceBeam||||||50|,,,,,Grass]Incineroar||SafetyGoggles|Intimidate|PartingShot,FakeOut,KnockOff,HelpingHand|||M|||50|,,,,,Ghost\n|showteam|p2|Miraidon||ChoiceSpecs|HadronEngine|ElectroDrift,DazzlingGleam,DracoMeteor,VoltSwitch||||||50|,,,,,Fairy]Farigiraf||ElectricSeed|ArmorTail|Psychic,Roar,HelpingHand,TrickRoom|||F|||50|,,,,,Water]Iron Hands||AssaultVest|QuarkDrive|DrainPunch,LowKick,HeavySlam,FakeOut||||||50|,,,,,Bug]Grimmsnarl||LightClay|Prankster|FoulPlay,Reflect,LightScreen,ThunderWave|||M|||50|,,,,,Ghost]Urshifu||FocusSash|UnseenFist|WickedBlow,CloseCombat,SuckerPunch,Protect|||M|||50|,,,,,Dark]Groudon||Leftovers|Drought|PrecipiceBlades,HeatCrash,HelpingHand,Protect||||||50|,,,,,Fire\n|\n|t:|1745980502\n|start\n|switch|p1a: Incineroar|Incineroar, L50, M|100/100\n|switch|p1b: Tornadus|Tornadus, L50, M|100/100\n|switch|p2a: Farigiraf|Farigiraf, L50, F|100/100\n|switch|p2b: Miraidon|Miraidon, L50|100/100\n|-fieldstart|move: Electric Terrain|[from] ability: Hadron Engine|[of] p2b: Miraidon\n|-enditem|p2a: Farigiraf|Electric Seed\n|-boost|p2a: Farigiraf|def|1|[from] item: Electric Seed\n|-ability|p1a: Incineroar|Intimidate|boost\n|-unboost|p2a: Farigiraf|atk|1\n|-unboost|p2b: Miraidon|atk|1\n|turn|1\n|\n|t:|1745980519\n|-terastallize|p1b: Tornadus|Dark\n|move|p1b: Tornadus|Tailwind|p1b: Tornadus\n|-sidestart|p1: carrotgodtype0|move: Tailwind\n|move|p2b: Miraidon|Volt Switch|p1b: Tornadus\n|-damage|p1b: Tornadus|0 fnt\n|faint|p1b: Tornadus\n|\n|t:|1745980527\n|switch|p2b: Iron Hands|Iron Hands, L50|100/100|[from] Volt Switch\n|-activate|p2b: Iron Hands|ability: Quark Drive\n|-start|p2b: Iron Hands|quarkdriveatk\n|move|p1a: Incineroar|Parting Shot|p2b: Iron Hands\n|-unboost|p2b: Iron Hands|atk|1\n|-unboost|p2b: Iron Hands|spa|1\n|\n|t:|1745980533\n|switch|p1a: Miraidon|Miraidon, L50|100/100|[from] Parting Shot\n|-activate|p1a: Miraidon|ability: Hadron Engine\n|move|p2a: Farigiraf|Trick Room|p2a: Farigiraf\n|-fieldstart|move: Trick Room|[of] p2a: Farigiraf\n|\n|upkeep\n|\n|t:|1745980541\n|switch|p1b: Kyogre|Kyogre, L50|100/100\n|-weather|RainDance|[from] ability: Drizzle|[of] p1b: Kyogre\n|turn|2\n|-message|carrotgodtype0 forfeited.\n|raw|carrotgodtype0's rating: 1074 &rarr; <strong>1060</strong><br />(-14 for losing)\n|raw|escapadian's rating: 1191 &rarr; <strong>1208</strong><br />(+17 for winning)\n|\n|win|escapadian\n|l|\u2606carrotgodtype0\n|player|p1|\n", "uploadtime": 1745980550, "views": 24, "formatid": "gen9vgc2025regibo3", "rating": 1060, "private": 0, "password": null}