{"id": "gen9vgc2025regibo3-2354265623", "format": "[Gen 9] VGC 2025 Reg I (Bo3)", "players": ["Geracles91", "ZekromAllDay"], "log": "|j|\u2606Geracles91\n|j|\u2606ZekromAllDay\n|html|<table width=\"100%\"><tr><td align=\"left\">Geracles91</td><td align=\"right\">ZekromAllDay</tr><tr><td align=\"left\"><i class=\"fa fa-circle-o\"></i> <i class=\"fa fa-circle-o\"></i> </td><td align=\"right\"><i class=\"fa fa-circle-o\"></i> <i class=\"fa fa-circle-o\"></i> </tr></table>\n|uhtml|bestof|<h2><strong>Game 1</strong> of <a href=\"/game-bestof3-gen9vgc2025regibo3-2354265622\">a best-of-3</a></h2>\n|t:|1746050724\n|gametype|doubles\n|player|p1|Geracles91|169|1126\n|player|p2|ZekromAllDay|170|1170\n|teamsize|p1|6\n|teamsize|p2|6\n|gen|9\n|tier|[Gen 9] VGC 2025 Reg I (Bo3)\n|rated|\n|rule|Species Clause: Limit one of each Pok\u00e9mon\n|rule|Item Clause: Limit 1 of each item\n|clearpoke\n|poke|p1|Lunala, L50|\n|poke|p1|Kyogre, L50|\n|poke|p1|Indeedee-F, L50, F|\n|poke|p1|Sylveon, L50, M|\n|poke|p1|Tornadus, L50, M|\n|poke|p1|Urshifu-*, L50, F|\n|poke|p2|Miraidon, L50|\n|poke|p2|Calyrex-Ice, L50|\n|poke|p2|Whimsicott, L50, M|\n|poke|p2|Farigiraf, L50, M|\n|poke|p2|Tauros-Paldea-Blaze, L50, M|\n|poke|p2|Ogerpon-Wellspring, L50, F|\n|teampreview|4\n|showteam|p1|Lunala||Leftovers|ShadowShield|MoongeistBeam,ExpandingForce,WideGuard,Protect||||||50|,,,,,Fairy]Kyogre||MysticWater|Drizzle|WaterSpout,OriginPulse,IceBeam,Protect||||||50|,,,,,Grass]Indeedee-F||PsychicSeed|PsychicSurge|FollowMe,HelpingHand,TrickRoom,ShadowBall|||F|||50|,,,,,Fairy]Sylveon||ThroatSpray|Pixilate|HyperVoice,TeraBlast,CalmMind,Protect|||M|||50|,,,,,Fire]Tornadus||CovertCloak|Prankster|BleakwindStorm,Taunt,Tailwind,Protect|||M|||50|,,,,,Ground]Urshifu||ChoiceScarf|UnseenFist|WickedBlow,CloseCombat,PoisonJab,Detect|||F|||50|,,,,,Grass\n|showteam|p2|Miraidon||ChoiceSpecs|HadronEngine|ElectroDrift,VoltSwitch,DracoMeteor,DazzlingGleam||||||50|,,,,,Fairy]Calyrex-Ice||ClearAmulet|AsOneGlastrier|GlacialLance,HighHorsepower,TrickRoom,Protect||||||50|,,,,,Water]Whimsicott||CovertCloak|Prankster|Tailwind,Encore,Moonblast,LightScreen|||M|||50|,,,,,Dark]Farigiraf||ElectricSeed|ArmorTail|PsychicNoise,FoulPlay,TrickRoom,HelpingHand|||M|||50|,,,,,Fairy]Tauros-Paldea-Blaze||FocusSash|Intimidate|RagingBull,FlareBlitz,CloseCombat,Protect|||M|||50|,,,,,Fire]Ogerpon-Wellspring||WellspringMask|WaterAbsorb|IvyCudgel,HornLeech,SpikyShield,FollowMe|||F|||50|,,,,,Water\n|j| tjloriso15\n|c|\u2606ZekromAllDay|glhf\n|\n|t:|1746050841\n|start\n|switch|p1a: Tornadus|Tornadus, L50, M|100/100\n|switch|p1b: Kyogre|Kyogre, L50|100/100\n|switch|p2a: Miraidon|Miraidon, L50|100/100\n|switch|p2b: Farigiraf|Farigiraf, L50, M|100/100\n|-fieldstart|move: Electric Terrain|[from] ability: Hadron Engine|[of] p2a: Miraidon\n|-enditem|p2b: Farigiraf|Electric Seed\n|-boost|p2b: Farigiraf|def|1|[from] item: Electric Seed\n|-weather|RainDance|[from] ability: Drizzle|[of] p1b: Kyogre\n|turn|1\n|\n|t:|1746050870\n|-terastallize|p1b: Kyogre|Grass\n|move|p1a: Tornadus|Tailwind|p1a: Tornadus\n|-sidestart|p1: Geracles91|move: Tailwind\n|move|p1b: Kyogre|Water Spout|p2b: Farigiraf|[spread] p2a,p2b\n|-resisted|p2a: Miraidon\n|-damage|p2a: Miraidon|48/100\n|-damage|p2b: Farigiraf|0 fnt\n|faint|p2b: Farigiraf\n|move|p2a: Miraidon|Volt Switch|p1a: Tornadus\n|-supereffective|p1a: Tornadus\n|-damage|p1a: Tornadus|0 fnt\n|faint|p1a: Tornadus\n|\n|t:|1746050887\n|switch|p2a: Ogerpon|Ogerpon-Wellspring, L50, F|100/100|[from] Volt Switch\n|\n|-weather|RainDance|[upkeep]\n|upkeep\n|\n|t:|1746050895\n|switch|p1a: Urshifu|Urshifu, L50, F|100/100\n|switch|p2b: Calyrex|Calyrex-Ice, L50|100/100\n|-ability|p2b: Calyrex|As One\n|-ability|p2b: Calyrex|Unnerve\n|turn|2\n|\n|t:|1746050934\n|-terastallize|p2b: Calyrex|Water\n|move|p2a: Ogerpon|Follow Me|p2a: Ogerpon\n|-singleturn|p2a: Ogerpon|move: Follow Me\n|move|p1a: Urshifu|Wicked Blow|p2a: Ogerpon\n|-crit|p2a: Ogerpon\n|-damage|p2a: Ogerpon|19/100\n|move|p1b: Kyogre|Water Spout|p2b: Calyrex|[spread] p2b\n|-heal|p2a: Ogerpon|44/100|[from] ability: Water Absorb|[of] p1b: Kyogre\n|-resisted|p2b: Calyrex\n|-damage|p2b: Calyrex|60/100\n|move|p2b: Calyrex|Glacial Lance|p1a: Urshifu|[spread] p1a,p1b\n|-supereffective|p1b: Kyogre\n|-damage|p1a: Urshifu|33/100\n|-damage|p1b: Kyogre|0 fnt\n|faint|p1b: Kyogre\n|-ability|p2b: Calyrex|Chilling Neigh|boost\n|-boost|p2b: Calyrex|atk|1\n|\n|-weather|RainDance|[upkeep]\n|upkeep\n|\n|t:|1746050950\n|switch|p1b: Lunala|Lunala, L50|100/100\n|turn|3\n|\n|t:|1746050972\n|move|p2a: Ogerpon|Follow Me|p2a: Ogerpon\n|-singleturn|p2a: Ogerpon|move: Follow Me\n|move|p1a: Urshifu|Wicked Blow|p2a: Ogerpon\n|-crit|p2a: Ogerpon\n|-damage|p2a: Ogerpon|0 fnt\n|faint|p2a: Ogerpon\n|move|p1b: Lunala|Moongeist Beam|p2b: Calyrex\n|-damage|p2b: Calyrex|21/100\n|move|p2b: Calyrex|High Horsepower|p1a: Urshifu\n|-damage|p1a: Urshifu|0 fnt\n|faint|p1a: Urshifu\n|-ability|p2b: Calyrex|Chilling Neigh|boost\n|-boost|p2b: Calyrex|atk|1\n|\n|-weather|RainDance|[upkeep]\n|upkeep\n|\n|t:|1746050976\n|switch|p2a: Miraidon|Miraidon, L50|48/100\n|-activate|p2a: Miraidon|ability: Hadron Engine\n|turn|4\n|l|\u2606Geracles91\n|player|p1|\n|j|\u2606Geracles91\n|player|p1|Geracles91|169|\n|\n|t:|1746051012\n|move|p1b: Lunala|Moongeist Beam|p2a: Miraidon\n|-damage|p2a: Miraidon|2/100\n|move|p2a: Miraidon|Electro Drift|p1b: Lunala\n|-damage|p1b: Lunala|52/100\n|move|p2b: Calyrex|Glacial Lance|p1b: Lunala\n|-damage|p1b: Lunala|0 fnt\n|faint|p1b: Lunala\n|\n|win|ZekromAllDay\n||Geracles91 is ready for game 2.\n|inactive|ZekromAllDay has 30 seconds to confirm battle start!\n||ZekromAllDay is ready for game 2.\n|uhtml|next|Next: <a href=\"/battle-gen9vgc2025regibo3-2354268408\"><strong>Game 2 of 3</strong></a>\n|l| tjloriso15\n", "uploadtime": 1746051299, "views": 6, "formatid": "gen9vgc2025regibo3", "rating": null, "private": 0, "password": null}