{"id": "gen9vgc2025regibo3-2353754194", "format": "[Gen 9] VGC 2025 Reg I (Bo3)", "players": ["notwizzy", "BodiPlayGames"], "log": "|j|\u2606notwizzy\n|j|\u2606BodiPlayGames\n|html|<table width=\"100%\"><tr><td align=\"left\">notwizzy</td><td align=\"right\">BodiPlayGames</tr><tr><td align=\"left\"><i class=\"fa fa-circle-o\"></i> <i class=\"fa fa-circle-o\"></i> </td><td align=\"right\"><i class=\"fa fa-circle-o\"></i> <i class=\"fa fa-circle-o\"></i> </tr></table>\n|uhtml|bestof|<h2><strong>Game 1</strong> of <a href=\"/game-bestof3-gen9vgc2025regibo3-2353754193\">a best-of-3</a></h2>\n|t:|1745994304\n|gametype|doubles\n|player|p1|notwizzy|pokemaniac|1117\n|player|p2|BodiPlayGames|nate|1132\n|teamsize|p1|6\n|teamsize|p2|6\n|gen|9\n|tier|[Gen 9] VGC 2025 Reg I (Bo3)\n|rated|\n|rule|Species Clause: Limit one of each Pok\u00e9mon\n|rule|Item Clause: Limit 1 of each item\n|clearpoke\n|poke|p1|Groudon, L50|\n|poke|p1|Incineroar, L50, M|\n|poke|p1|Brute Bonnet, L50|\n|poke|p1|Miraidon, L50|\n|poke|p1|Chandelure, L50, F|\n|poke|p1|Whimsicott, L50, M|\n|poke|p2|Calyrex-Ice, L50|\n|poke|p2|Landorus, L50, M|\n|poke|p2|Farigiraf, L50, F|\n|poke|p2|Miraidon, L50|\n|poke|p2|Iron Hands, L50|\n|poke|p2|Iron Jugulis, L50|\n|teampreview|4\n|showteam|p1|Groudon||AssaultVest|Drought|HeatCrash,PrecipiceBlades,RockSlide,Crunch||||||50|,,,,,Ghost]Incineroar||SitrusBerry|Intimidate|FlareBlitz,KnockOff,FakeOut,PartingShot|||M|||50|,,,,,Ghost]Brute Bonnet||ClearAmulet|Protosynthesis|SuckerPunch,Crunch,Protect,SeedBomb||||||50|,,,,,Grass]Miraidon||ChoiceSpecs|HadronEngine|DazzlingGleam,VoltSwitch,ElectroDrift,DracoMeteor||||||50|,,,,,Fairy]Chandelure||FocusSash|FlashFire|TrickRoom,WillOWisp,ShadowBall,Overheat|||F|||50|,,,,,Normal]Whimsicott||CovertCloak|Prankster|Encore,Tailwind,SunnyDay,Moonblast|||M|||50|,,,,,Dark\n|showteam|p2|Calyrex-Ice||ClearAmulet|AsOneGlastrier|GlacialLance,HighHorsepower,TrickRoom,Protect||||||50|,,,,,Water]Landorus||LifeOrb|SheerForce|Protect,SludgeBomb,SandsearStorm,EarthPower|||M|||50|,,,,,Poison]Farigiraf||ElectricSeed|ArmorTail|TrickRoom,Psychic,HelpingHand,FoulPlay|||F|||50|,,,,,Steel]Miraidon||ChoiceSpecs|HadronEngine|VoltSwitch,DazzlingGleam,DracoMeteor,ElectroDrift||||||50|,,,,,Fairy]Iron Hands||AssaultVest|QuarkDrive|FakeOut,LowKick,WildCharge,DrainPunch||||||50|,,,,,Water]Iron Jugulis||BoosterEnergy|QuarkDrive|Tailwind,EarthPower,DarkPulse,Taunt||||||50|,,,,,Ground\n|inactive|Battle timer is ON: inactive players will automatically lose when time's up. (requested by notwizzy)\n|\n|t:|1745994333\n|start\n|switch|p1a: Incineroar|Incineroar, L50, M|100/100\n|switch|p1b: Brute Bonnet|Brute Bonnet, L50|100/100\n|switch|p2a: Calyrex|Calyrex-Ice, L50|100/100\n|switch|p2b: Miraidon|Miraidon, L50|100/100\n|-ability|p2a: Calyrex|As One\n|-ability|p2a: Calyrex|Unnerve\n|-fieldstart|move: Electric Terrain|[from] ability: Hadron Engine|[of] p2b: Miraidon\n|-ability|p1a: Incineroar|Intimidate|boost\n|-fail|p2a: Calyrex|unboost|[from] item: Clear Amulet|[of] p2a: Calyrex\n|-unboost|p2b: Miraidon|atk|1\n|turn|1\n|\n|t:|1745994357\n|move|p1a: Incineroar|Fake Out|p2b: Miraidon\n|-damage|p2b: Miraidon|88/100\n|cant|p2b: Miraidon|flinch\n|move|p1b: Brute Bonnet|Crunch|p2b: Miraidon\n|-damage|p2b: Miraidon|47/100\n|move|p2a: Calyrex|Glacial Lance|p1a: Incineroar|[spread] p1a,p1b\n|-resisted|p1a: Incineroar\n|-supereffective|p1b: Brute Bonnet\n|-crit|p1b: Brute Bonnet\n|-damage|p1a: Incineroar|70/100\n|-damage|p1b: Brute Bonnet|0 fnt\n|faint|p1b: Brute Bonnet\n|-end|p1b: Brute Bonnet|Protosynthesis|[silent]\n|-ability|p2a: Calyrex|Chilling Neigh|boost\n|-boost|p2a: Calyrex|atk|1\n|\n|upkeep\n|\n|t:|1745994368\n|switch|p1b: Miraidon|Miraidon, L50|100/100\n|-activate|p1b: Miraidon|ability: Hadron Engine\n|turn|2\n|\n|t:|1745994377\n|-terastallize|p1b: Miraidon|Fairy\n|move|p1b: Miraidon|Dazzling Gleam|p2a: Calyrex|[spread] p2a,p2b\n|-supereffective|p2b: Miraidon\n|-crit|p2b: Miraidon\n|-damage|p2a: Calyrex|59/100\n|-damage|p2b: Miraidon|0 fnt\n|faint|p2b: Miraidon\n|move|p1a: Incineroar|Flare Blitz|p2a: Calyrex\n|-supereffective|p2a: Calyrex\n|-damage|p2a: Calyrex|0 fnt\n|faint|p2a: Calyrex\n|-damage|p1a: Incineroar|50/100|[from] Recoil\n|-enditem|p1a: Incineroar|Sitrus Berry|[eat]\n|-heal|p1a: Incineroar|75/100|[from] item: Sitrus Berry\n|\n|upkeep\n|\n|t:|1745994381\n|switch|p2b: Farigiraf|Farigiraf, L50, F|100/100\n|switch|p2a: Iron Hands|Iron Hands, L50|100/100\n|-enditem|p2b: Farigiraf|Electric Seed\n|-boost|p2b: Farigiraf|def|1|[from] item: Electric Seed\n|-activate|p2a: Iron Hands|ability: Quark Drive\n|-start|p2a: Iron Hands|quarkdriveatk\n|turn|3\n|l|\u2606notwizzy\n|inactive|notwizzy disconnected and has a minute to reconnect!\n|player|p1|\n|inactive|notwizzy has 30 seconds left.\n|inactive|notwizzy has 20 seconds left.\n|inactive|notwizzy has 15 seconds left.\n|inactive|notwizzy has 10 seconds left.\n|inactive|notwizzy has 5 seconds left.\n|-message|notwizzy lost due to inactivity.\n|\n|win|BodiPlayGames\n||BodiPlayGames is ready for game 2.\n|inactive|notwizzy has 15 seconds to reconnect!\n|inactive|notwizzy has 5 seconds to reconnect!\n|raw|notwizzy's rating: 1117 &rarr; <strong>1093</strong><br />(-24 for losing)\n|raw|BodiPlayGames's rating: 1132 &rarr; <strong>1156</strong><br />(+24 for winning)\n|l|\u2606BodiPlayGames\n|player|p2|\n", "uploadtime": 1745994783, "views": 6, "formatid": "gen9vgc2025regibo3", "rating": 1093, "private": 0, "password": null}