{"id": "gen9vgc2025regibo3-2354659292", "format": "[Gen 9] VGC 2025 Reg I (Bo3)", "players": ["krynias", "Jeshy420"], "log": "|j|\u2606krynias\n|j|\u2606Jeshy420\n|html|<table width=\"100%\"><tr><td align=\"left\">krynias</td><td align=\"right\">Jeshy420</tr><tr><td align=\"left\"><i class=\"fa fa-circle-o\"></i> <i class=\"fa fa-circle-o\"></i> </td><td align=\"right\"><i class=\"fa fa-circle-o\"></i> <i class=\"fa fa-circle-o\"></i> </tr></table>\n|uhtml|bestof|<h2><strong>Game 1</strong> of <a href=\"/game-bestof3-gen9vgc2025regibo3-2354659291\">a best-of-3</a></h2>\n|t:|1746108029\n|gametype|doubles\n|player|p1|krynias|bruno-gen2|1125\n|player|p2|Jeshy420|gambler|1101\n|teamsize|p1|6\n|teamsize|p2|6\n|gen|9\n|tier|[Gen 9] VGC 2025 Reg I (Bo3)\n|rated|\n|rule|Species Clause: Limit one of each Pok\u00e9mon\n|rule|Item Clause: Limit 1 of each item\n|clearpoke\n|poke|p1|Calyrex-Shadow, L50|\n|poke|p1|Zamazenta-*, L50|\n|poke|p1|Incineroar, L50, F|\n|poke|p1|Rillaboom, L50, M|\n|poke|p1|Whimsicott, L50, M|\n|poke|p1|Primarina, L50, F|\n|poke|p2|Groudon, L50|\n|poke|p2|Koraidon, L50|\n|poke|p2|Whimsicott, L50, F|\n|poke|p2|Typhlosion-Hisui, L50, M|\n|poke|p2|Walking Wake, L50|\n|poke|p2|Kingambit, L50, M|\n|teampreview|4\n|showteam|p1|Calyrex-Shadow||FocusSash|AsOneSpectrier|AstralBarrage,NastyPlot,DrainingKiss,Protect||||||50|,,,,,Fairy]Zamazenta-Crowned||RustedShield|DauntlessShield|BodyPress,HeavySlam,IronDefense,WideGuard||||||50|,,,,,Fire]Incineroar||SafetyGoggles|Intimidate|KnockOff,FirePledge,PartingShot,FakeOut|||F|||50|,,,,,Ghost]Rillaboom||AssaultVest|GrassySurge|GrassyGlide,GrassPledge,Uturn,FakeOut|||M|||50|,,,,,Fire]Whimsicott||CovertCloak|Prankster|Moonblast,Encore,Tailwind,LightScreen|||M|||50|,,,,,Dark]Primarina||ThroatSpray|LiquidVoice|HyperVoice,WaterPledge,Moonblast,Protect|||F|||50|,,,,,Poison\n|showteam|p2|Groudon||ClearAmulet|Drought|PrecipiceBlades,FirePunch,SwordsDance,Protect||||||50|,,,,,Fire]Koraidon||LifeOrb|OrichalcumPulse|CloseCombat,FlareBlitz,FlameCharge,Protect||||||50|,,,,,Fire]Whimsicott||FocusSash|Prankster|Moonblast,Tailwind,Encore,Protect|||F|||50|,,,,,Ghost]Typhlosion-Hisui||ChoiceSpecs|Blaze|Eruption,HeatWave,Overheat,ShadowBall|||M|||50|,,,,,Fire]Walking Wake||ChoiceScarf|Protosynthesis|HydroSteam,DracoMeteor,WeatherBall,FlipTurn||||||50|,,,,,Fire]Kingambit||AssaultVest|Defiant|KowtowCleave,SuckerPunch,IronHead,BrickBreak|||M|||50|,,,,,Fairy\n|inactive|Battle timer is ON: inactive players will automatically lose when time's up. (requested by Jeshy420)\n|inactive|krynias has 60 seconds left.\n|inactive|Jeshy420 has 60 seconds left.\n|\n|t:|1746108078\n|start\n|switch|p1a: Whimsicott|Whimsicott, L50, M|100/100\n|switch|p1b: Calyrex|Calyrex-Shadow, L50|100/100\n|switch|p2a: Kingambit|Kingambit, L50, M|100/100\n|switch|p2b: Whimsicott|Whimsicott, L50, F|100/100\n|-ability|p1b: Calyrex|As One\n|-ability|p1b: Calyrex|Unnerve\n|turn|1\n|inactive|krynias has 30 seconds left.\n|\n|t:|1746108107\n|-terastallize|p1b: Calyrex|Fairy\n|move|p2b: Whimsicott|Tailwind|p2b: Whimsicott\n|-sidestart|p2: Jeshy420|move: Tailwind\n|move|p1a: Whimsicott|Tailwind|p1a: Whimsicott\n|-sidestart|p1: krynias|move: Tailwind\n|move|p1b: Calyrex|Nasty Plot|p1b: Calyrex\n|-boost|p1b: Calyrex|spa|2\n|move|p2a: Kingambit|Kowtow Cleave|p1b: Calyrex\n|-resisted|p1b: Calyrex\n|-damage|p1b: Calyrex|72/100\n|\n|upkeep\n|turn|2\n|\n|t:|1746108127\n|move|p1a: Whimsicott|Encore|p2b: Whimsicott\n|-start|p2b: Whimsicott|Encore\n|move|p2b: Whimsicott|Tailwind||[still]\n|-fail|p2b: Whimsicott\n|move|p1b: Calyrex|Draining Kiss|p2a: Kingambit\n|-damage|p2a: Kingambit|53/100\n|-heal|p1b: Calyrex|100/100|[from] drain|[of] p2a: Kingambit\n|move|p2a: Kingambit|Iron Head|p1a: Whimsicott\n|-supereffective|p1a: Whimsicott\n|-damage|p1a: Whimsicott|0 fnt\n|faint|p1a: Whimsicott\n|\n|upkeep\n|\n|t:|1746108138\n|switch|p1a: Zamazenta|Zamazenta-Crowned, L50|100/100\n|-ability|p1a: Zamazenta|Dauntless Shield|boost\n|-boost|p1a: Zamazenta|def|1\n|turn|3\n|\n|t:|1746108156\n|switch|p2b: Groudon|Groudon, L50|100/100\n|-weather|SunnyDay|[from] ability: Drought|[of] p2b: Groudon\n|switch|p2a: Typhlosion|Typhlosion-Hisui, L50, M|100/100\n|move|p1b: Calyrex|Astral Barrage|p2a: Typhlosion|[spread] p2a,p2b\n|-supereffective|p2a: Typhlosion\n|-damage|p2a: Typhlosion|0 fnt\n|-damage|p2b: Groudon|3/100\n|faint|p2a: Typhlosion\n|-ability|p1b: Calyrex|Grim Neigh|boost\n|-boost|p1b: Calyrex|spa|1\n|move|p1a: Zamazenta|Heavy Slam|p2b: Groudon\n|-damage|p2b: Groudon|0 fnt\n|faint|p2b: Groudon\n|\n|-weather|SunnyDay|[upkeep]\n|upkeep\n|\n|t:|1746108175\n|switch|p2a: Kingambit|Kingambit, L50, M|53/100\n|switch|p2b: Whimsicott|Whimsicott, L50, F|100/100\n|turn|4\n|\n|t:|1746108198\n|-terastallize|p2a: Kingambit|Fairy\n|move|p2b: Whimsicott|Encore|p1a: Zamazenta\n|-start|p1a: Zamazenta|Encore\n|move|p1b: Calyrex|Draining Kiss|p2a: Kingambit\n|-damage|p2a: Kingambit|0 fnt\n|faint|p2a: Kingambit\n|-ability|p1b: Calyrex|Grim Neigh|boost\n|-boost|p1b: Calyrex|spa|1\n|move|p1a: Zamazenta|Heavy Slam|p2b: Whimsicott\n|-supereffective|p2b: Whimsicott\n|-enditem|p2b: Whimsicott|Focus Sash\n|-damage|p2b: Whimsicott|1/100\n|\n|-weather|SunnyDay|[upkeep]\n|-sideend|p2: Jeshy420|move: Tailwind\n|-sideend|p1: krynias|move: Tailwind\n|upkeep\n|turn|5\n|\n|t:|1746108210\n|move|p1b: Calyrex|Draining Kiss|p2b: Whimsicott\n|-damage|p2b: Whimsicott|0 fnt\n|faint|p2b: Whimsicott\n|\n|win|krynias\n||krynias is ready for game 2.\n||Jeshy420 is ready for game 2.\n|uhtml|next|Next: <a href=\"/battle-gen9vgc2025regibo3-2354661139\"><strong>Game 2 of 3</strong></a>\n", "uploadtime": 1746108532, "views": 5, "formatid": "gen9vgc2025regibo3", "rating": null, "private": 0, "password": null}