{"id": "gen9vgc2025regibo3-2353443018", "format": "[Gen 9] VGC 2025 Reg I (Bo3)", "players": ["jousef9", "crivgvv"], "log": "|j|\u2606jousef9\n|j|\u2606crivgvv\n|html|<table width=\"100%\"><tr><td align=\"left\">jousef9</td><td align=\"right\">crivgvv</tr><tr><td align=\"left\"><i class=\"fa fa-circle-o\"></i> <i class=\"fa fa-circle-o\"></i> </td><td align=\"right\"><i class=\"fa fa-circle-o\"></i> <i class=\"fa fa-circle-o\"></i> </tr></table>\n|uhtml|bestof|<h2><strong>Game 1</strong> of <a href=\"/game-bestof3-gen9vgc2025regibo3-2353443017\">a best-of-3</a></h2>\n|t:|1745956398\n|gametype|doubles\n|player|p1|jousef9|170|1041\n|player|p2|crivgvv|clay|1132\n|teamsize|p1|6\n|teamsize|p2|6\n|gen|9\n|tier|[Gen 9] VGC 2025 Reg I (Bo3)\n|rated|\n|rule|Species Clause: Limit one of each Pok\u00e9mon\n|rule|Item Clause: Limit 1 of each item\n|clearpoke\n|poke|p1|Zamazenta-*, L50|\n|poke|p1|Calyrex-Shadow, L50|\n|poke|p1|Tornadus, L50, M|\n|poke|p1|Urshifu-*, L50, F|\n|poke|p1|Rillaboom, L50, M|\n|poke|p1|Chien-Pao, L50|\n|poke|p2|Rayquaza, L50|\n|poke|p2|Zacian-*, L50|\n|poke|p2|Urshifu-*, L50, M|\n|poke|p2|Farigiraf, L50, F|\n|poke|p2|Chien-Pao, L50|\n|poke|p2|Ogerpon-Hearthflame, L50, F|\n|teampreview|4\n|showteam|p1|Zamazenta-Crowned||RustedShield|DauntlessShield|BodyPress,HeavySlam,WideGuard,Protect||||||50|,,,,,Ghost]Calyrex-Shadow||FocusSash|AsOneSpectrier|AstralBarrage,Psychic,Encore,Protect||||||50|,,,,,Ghost]Tornadus||RockyHelmet|Prankster|BleakwindStorm,Tailwind,RainDance,Protect|||M|||50|,,,,,Dark]Urshifu-Rapid-Strike||MysticWater|UnseenFist|SurgingStrikes,CloseCombat,AquaJet,Detect|||F|||50|,,,,,Water]Rillaboom||AssaultVest|GrassySurge|FakeOut,WoodHammer,Uturn,GrassyGlide|||M|||50|,,,,,Fire]Chien-Pao||LifeOrb|SwordofRuin|SuckerPunch,IcicleCrash,IceShard,Protect||||||50|,,,,,Stellar\n|showteam|p2|Rayquaza||ClearAmulet|AirLock|DragonAscent,ExtremeSpeed,SwordsDance,Protect||||||50|,,,,,Normal]Zacian-Crowned||RustedSword|IntrepidSword|PlayRough,behemothblade,SacredSword,Protect||||||50|,,,,,Fairy]Urshifu-Rapid-Strike||ChoiceScarf|UnseenFist|SurgingStrikes,CloseCombat,Uturn,Coaching|||M|||50|,,,,,Water]Farigiraf||SitrusBerry|ArmorTail|Psychic,FoulPlay,TrickRoom,HelpingHand|||F|||50|,,,,,Normal]Chien-Pao||FocusSash|SwordofRuin|IceSpinner,Crunch,SuckerPunch,Protect||||||50|,,,,,Stellar]Ogerpon-Hearthflame||HearthflameMask|MoldBreaker|IvyCudgel,WoodHammer,FollowMe,SpikyShield|||F|||50|,,,,,Fire\n|inactive|Battle timer is ON: inactive players will automatically lose when time's up. (requested by crivgvv)\n|inactive|jousef9 has 60 seconds left.\n|inactive|crivgvv has 60 seconds left.\n|inactive|crivgvv has 30 seconds left.\n|inactive|crivgvv has 20 seconds left.\n|inactive|crivgvv has 15 seconds left.\n|inactive|crivgvv has 10 seconds left.\n|\n|t:|1745956480\n|start\n|switch|p1a: Zamazenta|Zamazenta-Crowned, L50|100/100\n|switch|p1b: Tornadus|Tornadus, L50, M|100/100\n|switch|p2a: Farigiraf|Farigiraf, L50, F|100/100\n|switch|p2b: Rayquaza|Rayquaza, L50|100/100\n|-ability|p1a: Zamazenta|Dauntless Shield|boost\n|-boost|p1a: Zamazenta|def|1\n|-ability|p2b: Rayquaza|Air Lock\n|turn|1\n|\n|t:|1745956501\n|switch|p1b: Chien-Pao|Chien-Pao, L50|100/100\n|-ability|p1b: Chien-Pao|Sword of Ruin\n|move|p1a: Zamazenta|Heavy Slam|p2b: Rayquaza\n|-damage|p2b: Rayquaza|62/100\n|move|p2b: Rayquaza|Swords Dance|p2b: Rayquaza\n|-boost|p2b: Rayquaza|atk|2\n|move|p2a: Farigiraf|Trick Room|p2a: Farigiraf\n|-fieldstart|move: Trick Room|[of] p2a: Farigiraf\n|\n|upkeep\n|turn|2\n|inactive|jousef9 has 30 seconds left.\n|inactive|crivgvv has 30 seconds left.\n|inactive|jousef9 has 20 seconds left.\n|\n|t:|1745956539\n|move|p2a: Farigiraf|Helping Hand|p2b: Rayquaza\n|-singleturn|p2b: Rayquaza|Helping Hand|[of] p2a: Farigiraf\n|move|p2b: Rayquaza|Dragon Ascent|p1a: Zamazenta\n|-damage|p1a: Zamazenta|0 fnt\n|-unboost|p2b: Rayquaza|def|1\n|-unboost|p2b: Rayquaza|spd|1\n|faint|p1a: Zamazenta\n|move|p1b: Chien-Pao|Icicle Crash|p2b: Rayquaza\n|-supereffective|p2b: Rayquaza\n|-damage|p2b: Rayquaza|0 fnt\n|faint|p2b: Rayquaza\n|-damage|p1b: Chien-Pao|91/100|[from] item: Life Orb\n|\n|upkeep\n|\n|t:|1745956559\n|switch|p2b: Zacian|Zacian-Crowned, L50|100/100\n|switch|p1a: Tornadus|Tornadus, L50, M|100/100\n|-ability|p2b: Zacian|Intrepid Sword|boost\n|-boost|p2b: Zacian|atk|1\n|turn|3\n|inactive|crivgvv has 30 seconds left.\n|\n|t:|1745956588\n|move|p1a: Tornadus|Protect|p1a: Tornadus\n|-singleturn|p1a: Tornadus|Protect\n|move|p1b: Chien-Pao|Ice Shard||[still]\n|cant|p2a: Farigiraf|ability: Armor Tail|Ice Shard|[of] p1b: Chien-Pao\n|move|p2a: Farigiraf|Foul Play|p1b: Chien-Pao\n|-resisted|p1b: Chien-Pao\n|-damage|p1b: Chien-Pao|70/100\n|move|p2b: Zacian|Behemoth Blade|p1a: Tornadus\n|-activate|p1a: Tornadus|move: Protect\n|\n|upkeep\n|turn|4\n|inactive|jousef9 has 30 seconds left.\n|\n|t:|1745956621\n|move|p1b: Chien-Pao|Protect|p1b: Chien-Pao\n|-singleturn|p1b: Chien-Pao|Protect\n|move|p2a: Farigiraf|Foul Play|p1b: Chien-Pao\n|-activate|p1b: Chien-Pao|move: Protect\n|move|p1a: Tornadus|Bleakwind Storm|p2a: Farigiraf|[spread] p2a,p2b\n|-resisted|p2b: Zacian\n|-damage|p2a: Farigiraf|66/100\n|-damage|p2b: Zacian|87/100\n|-unboost|p2b: Zacian|spe|1\n|move|p2b: Zacian|Behemoth Blade|p1a: Tornadus\n|-damage|p1a: Tornadus|0 fnt\n|-damage|p2b: Zacian|70/100|[from] item: Rocky Helmet|[of] p1a: Tornadus\n|faint|p1a: Tornadus\n|\n|upkeep\n|\n|t:|1745956634\n|switch|p1a: Calyrex|Calyrex-Shadow, L50|100/100\n|-ability|p1a: Calyrex|As One\n|-ability|p1a: Calyrex|Unnerve\n|turn|5\n|inactive|crivgvv has 30 seconds left.\n|\n|t:|1745956667\n|move|p1a: Calyrex|Protect|p1a: Calyrex\n|-singleturn|p1a: Calyrex|Protect\n|move|p2a: Farigiraf|Foul Play|p1a: Calyrex\n|-activate|p1a: Calyrex|move: Protect\n|move|p2b: Zacian|Behemoth Blade|p1b: Chien-Pao\n|-supereffective|p1b: Chien-Pao\n|-damage|p1b: Chien-Pao|0 fnt\n|faint|p1b: Chien-Pao\n|\n|-fieldend|move: Trick Room\n|upkeep\n|turn|6\n|\n|t:|1745956680\n|-terastallize|p1a: Calyrex|Ghost\n|move|p1a: Calyrex|Astral Barrage|p2b: Zacian|[spread] p2b\n|-immune|p2a: Farigiraf\n|-damage|p2b: Zacian|2/100\n|move|p2b: Zacian|Behemoth Blade|p1a: Calyrex\n|-damage|p1a: Calyrex|1/100\n|move|p2a: Farigiraf|Foul Play|p1a: Calyrex\n|-supereffective|p1a: Calyrex\n|-damage|p1a: Calyrex|0 fnt\n|faint|p1a: Calyrex\n|\n|win|crivgvv\n|inactive|jousef9 has 30 seconds to confirm battle start!\n|inactive|crivgvv has 30 seconds to confirm battle start!\n||jousef9 is ready for game 2.\n||crivgvv is ready for game 2.\n|uhtml|next|Next: <a href=\"/battle-gen9vgc2025regibo3-2353446476\"><strong>Game 2 of 3</strong></a>\n", "uploadtime": 1745956695, "views": 10, "formatid": "gen9vgc2025regibo3", "rating": null, "private": 0, "password": null}