{"id": "gen9vgc2025regibo3-2354496886", "format": "[Gen 9] VGC 2025 Reg I (Bo3)", "players": ["eag233", "all my fella"], "log": "|j|\u2606eag233\n|j|\u2606all my fella\n|html|<table width=\"100%\"><tr><td align=\"left\">eag233</td><td align=\"right\">all my fella</tr><tr><td align=\"left\"><i class=\"fa fa-circle-o\"></i> <i class=\"fa fa-circle-o\"></i> </td><td align=\"right\"><i class=\"fa fa-circle-o\"></i> <i class=\"fa fa-circle\"></i> </tr></table>\n|uhtml|bestof|<h2><strong>Game 2</strong> of <a href=\"/game-bestof3-gen9vgc2025regibo3-2354495530\">a best-of-3</a></h2>\n|t:|1746081873\n|gametype|doubles\n|player|p1|eag233|n|1221\n|player|p2|all my fella|policeman-gen4|1348\n|teamsize|p1|6\n|teamsize|p2|6\n|gen|9\n|tier|[Gen 9] VGC 2025 Reg I (Bo3)\n|rated|\n|rule|Species Clause: Limit one of each Pok\u00e9mon\n|rule|Item Clause: Limit 1 of each item\n|clearpoke\n|poke|p1|Ting-Lu, L50|\n|poke|p1|Calyrex-Shadow, L50|\n|poke|p1|Zamazenta-*, L50|\n|poke|p1|Amoonguss, L50, F|\n|poke|p1|Whimsicott, L50, F|\n|poke|p1|Gyarados, L50, F|\n|poke|p2|Miraidon, L50|\n|poke|p2|Whimsicott, L50, F|\n|poke|p2|Urshifu-*, L50, M|\n|poke|p2|Zamazenta-*, L50|\n|poke|p2|Farigiraf, L50, F|\n|poke|p2|Incineroar, L50, F|\n|teampreview|4\n|showteam|p1|Ting-Lu||SafetyGoggles|VesselofRuin|StompingTantrum,Ruination,StealthRock,Protect||||||50|,,,,,Poison]Calyrex-Shadow||FocusSash|AsOneSpectrier|PollenPuff,AstralBarrage,Psyshock,Protect||||||50|,,,,,Normal]Zamazenta-Crowned||RustedShield|DauntlessShield|BodyPress,HeavySlam,WideGuard,Protect||||||50|,,,,,Dragon]Amoonguss||RockyHelmet|Regenerator|Protect,Spore,SludgeBomb,RagePowder|||F|||50|,,,,,Water]Whimsicott||CovertCloak|Prankster|HelpingHand,Encore,Moonblast,Tailwind|||F|||50|,,,,,Grass]Gyarados||MentalHerb|Intimidate|Taunt,DragonTail,ThunderWave,Protect|||F|||50|,,,,,Ground\n|showteam|p2|Miraidon||ChoiceSpecs|HadronEngine|ElectroDrift,DracoMeteor,VoltSwitch,DazzlingGleam||||||50|,,,,,Electric]Whimsicott||CovertCloak|Prankster|Moonblast,Tailwind,LightScreen,Encore|||F|||50|,,,,,Dark]Urshifu||FocusSash|UnseenFist|Detect,WickedBlow,CloseCombat,SuckerPunch|||M|||50|,,,,,Dark]Zamazenta-Crowned||RustedShield|DauntlessShield|Protect,WideGuard,BodyPress,HeavySlam||||||50|,,,,,Fire]Farigiraf||LifeOrb|ArmorTail|HelpingHand,HyperVoice,ExpandingForce,TrickRoom|||F|||50|,,,,,Water]Incineroar||AssaultVest|Intimidate|FakeOut,Uturn,FlareBlitz,KnockOff|||F|||50|,,,,,Bug\n|inactive|Battle timer is ON: inactive players will automatically lose when time's up. (requested by all my fella)\n|\n|t:|1746081899\n|start\n|switch|p1a: Ting-Lu|Ting-Lu, L50|100/100\n|switch|p1b: Gyarados|Gyarados, L50, F|100/100\n|switch|p2a: Whimsicott|Whimsicott, L50, F|100/100\n|switch|p2b: Urshifu|Urshifu, L50, M|100/100\n|-ability|p1b: Gyarados|Intimidate|boost\n|-unboost|p2a: Whimsicott|atk|1\n|-unboost|p2b: Urshifu|atk|1\n|-ability|p1a: Ting-Lu|Vessel of Ruin\n|turn|1\n|inactive|eag233 has 30 seconds left.\n|inactive|all my fella has 30 seconds left.\n|inactive|eag233 has 20 seconds left.\n|inactive|all my fella has 20 seconds left.\n|inactive|eag233 has 15 seconds left.\n|inactive|eag233 has 10 seconds left.\n|\n|t:|1746081949\n|move|p2a: Whimsicott|Light Screen|p2a: Whimsicott\n|-sidestart|p2: all my fella|move: Light Screen\n|move|p2b: Urshifu|Close Combat|p1a: Ting-Lu\n|-supereffective|p1a: Ting-Lu\n|-damage|p1a: Ting-Lu|58/100\n|-unboost|p2b: Urshifu|def|1\n|-unboost|p2b: Urshifu|spd|1\n|move|p1b: Gyarados|Thunder Wave|p2b: Urshifu\n|-status|p2b: Urshifu|par\n|move|p1a: Ting-Lu|Ruination|p2a: Whimsicott\n|-damage|p2a: Whimsicott|51/100\n|\n|upkeep\n|turn|2\n|inactive|eag233 has 30 seconds left.\n|\n|t:|1746081983\n|move|p2a: Whimsicott|Moonblast|p1a: Ting-Lu\n|-supereffective|p1a: Ting-Lu\n|-damage|p1a: Ting-Lu|24/100\n|move|p1b: Gyarados|Taunt|p2a: Whimsicott\n|-start|p2a: Whimsicott|move: Taunt\n|move|p2b: Urshifu|Wicked Blow|p1b: Gyarados\n|-crit|p1b: Gyarados\n|-damage|p1b: Gyarados|45/100\n|move|p1a: Ting-Lu|Stealth Rock|p2b: Urshifu\n|-sidestart|p2: all my fella|move: Stealth Rock\n|\n|upkeep\n|turn|3\n|inactive|eag233 has 30 seconds left.\n|inactive|eag233 has 20 seconds left.\n|inactive|eag233 has 15 seconds left.\n|\n|t:|1746082025\n|move|p2a: Whimsicott|Moonblast|p1a: Ting-Lu\n|-supereffective|p1a: Ting-Lu\n|-damage|p1a: Ting-Lu|0 fnt\n|faint|p1a: Ting-Lu\n|move|p1b: Gyarados|Thunder Wave|p2a: Whimsicott\n|-status|p2a: Whimsicott|par\n|move|p2b: Urshifu|Wicked Blow|p1b: Gyarados\n|-crit|p1b: Gyarados\n|-damage|p1b: Gyarados|0 fnt\n|faint|p1b: Gyarados\n|\n|upkeep\n|\n|t:|1746082036\n|switch|p1b: Calyrex|Calyrex-Shadow, L50|100/100\n|switch|p1a: Zamazenta|Zamazenta-Crowned, L50|100/100\n|-ability|p1b: Calyrex|As One\n|-ability|p1b: Calyrex|Unnerve\n|-ability|p1a: Zamazenta|Dauntless Shield|boost\n|-boost|p1a: Zamazenta|def|1\n|turn|4\n|inactive|eag233 has 30 seconds left.\n|inactive|eag233 has 20 seconds left.\n|\n|t:|1746082074\n|switch|p2a: Zamazenta|Zamazenta-Crowned, L50|100/100\n|-damage|p2a: Zamazenta|98/100|[from] Stealth Rock\n|-ability|p2a: Zamazenta|Dauntless Shield|boost\n|-boost|p2a: Zamazenta|def|1\n|move|p1b: Calyrex|Protect|p1b: Calyrex\n|-singleturn|p1b: Calyrex|Protect\n|cant|p2b: Urshifu|par\n|move|p1a: Zamazenta|Body Press|p2b: Urshifu\n|-supereffective|p2b: Urshifu\n|-enditem|p2b: Urshifu|Focus Sash\n|-damage|p2b: Urshifu|1/100 par\n|\n|upkeep\n|turn|5\n|inactive|eag233 has 30 seconds left.\n|inactive|eag233 has 20 seconds left.\n|\n|t:|1746082113\n|-terastallize|p1b: Calyrex|Normal\n|-terastallize|p2a: Zamazenta|Fire\n|move|p2b: Urshifu|Sucker Punch|p1b: Calyrex\n|-damage|p1b: Calyrex|68/100\n|move|p1b: Calyrex|Astral Barrage|p2a: Zamazenta|[spread] p2a,p2b\n|-resisted|p2b: Urshifu\n|-damage|p2a: Zamazenta|72/100\n|-damage|p2b: Urshifu|0 fnt\n|faint|p2b: Urshifu\n|-ability|p1b: Calyrex|Grim Neigh|boost\n|-boost|p1b: Calyrex|spa|1\n|move|p1a: Zamazenta|Body Press|p2a: Zamazenta\n|-damage|p2a: Zamazenta|44/100\n|move|p2a: Zamazenta|Heavy Slam|p1b: Calyrex\n|-damage|p1b: Calyrex|6/100\n|\n|-sideend|p2: all my fella|move: Light Screen\n|upkeep\n|\n|t:|1746082124\n|switch|p2b: Whimsicott|Whimsicott, L50, F|51/100 par\n|-damage|p2b: Whimsicott|39/100 par|[from] Stealth Rock\n|turn|6\n|inactive|all my fella has 30 seconds left.\n|l|\u2606all my fella\n|inactive|all my fella disconnected and has a minute to reconnect!\n|player|p2|\n|inactive|all my fella has 20 seconds left.\n|j|\u2606all my fella\n|inactive|all my fella reconnected and has 20 seconds left.\n|player|p2|all my fella|policeman-gen4|\n|inactive|all my fella has 15 seconds left.\n|\n|t:|1746082170\n|move|p2a: Zamazenta|Protect|p2a: Zamazenta\n|-singleturn|p2a: Zamazenta|Protect\n|cant|p2b: Whimsicott|par\n|move|p1b: Calyrex|Astral Barrage|p2b: Whimsicott|[spread] p2b\n|-activate|p2a: Zamazenta|move: Protect\n|-damage|p2b: Whimsicott|0 fnt\n|faint|p2b: Whimsicott\n|-ability|p1b: Calyrex|Grim Neigh|boost\n|-boost|p1b: Calyrex|spa|1\n|move|p1a: Zamazenta|Body Press|p2a: Zamazenta\n|-activate|p2a: Zamazenta|move: Protect\n|\n|upkeep\n|\n|t:|1746082175\n|switch|p2b: Miraidon|Miraidon, L50|100/100\n|-damage|p2b: Miraidon|88/100|[from] Stealth Rock\n|-fieldstart|move: Electric Terrain|[from] ability: Hadron Engine|[of] p2b: Miraidon\n|turn|7\n|\n|t:|1746082193\n|move|p2a: Zamazenta|Wide Guard|p2a: Zamazenta\n|-singleturn|p2a: Zamazenta|Wide Guard\n|move|p1b: Calyrex|Psyshock|p2b: Miraidon\n|-damage|p2b: Miraidon|0 fnt\n|faint|p2b: Miraidon\n|-ability|p1b: Calyrex|Grim Neigh|boost\n|-boost|p1b: Calyrex|spa|1\n|move|p1a: Zamazenta|Body Press|p2a: Zamazenta\n|-damage|p2a: Zamazenta|16/100\n|\n|upkeep\n|turn|8\n|-message|all my fella forfeited.\n|\n|win|eag233\n|l|\u2606all my fella\n|player|p2|\n||all my fella is ready for game 3.\n||eag233 is ready for game 3.\n|uhtml|next|Next: <a href=\"/battle-gen9vgc2025regibo3-2354498538\"><strong>Game 3 of 3</strong></a>\n", "uploadtime": 1746082468, "views": 23, "formatid": "gen9vgc2025regibo3", "rating": null, "private": 0, "password": null}