{"id": "gen9vgc2025regibo3-2353392741", "format": "[Gen 9] VGC 2025 Reg I (Bo3)", "players": ["Monsteralover", "NoMoreRegG"], "log": "|j|\u2606Monsteralover\n|j|\u2606NoMoreRegG\n|html|<table width=\"100%\"><tr><td align=\"left\">Monsteralover</td><td align=\"right\">NoMoreRegG</tr><tr><td align=\"left\"><i class=\"fa fa-circle\"></i> <i class=\"fa fa-circle-o\"></i> </td><td align=\"right\"><i class=\"fa fa-circle-o\"></i> <i class=\"fa fa-circle-o\"></i> </tr></table>\n|uhtml|bestof|<h2><strong>Game 2</strong> of <a href=\"/game-bestof3-gen9vgc2025regibo3-2353389115\">a best-of-3</a></h2>\n|t:|1745951997\n|gametype|doubles\n|player|p1|Monsteralover|170|1229\n|player|p2|NoMoreRegG|scientist-gen4dp|1160\n|teamsize|p1|6\n|teamsize|p2|6\n|gen|9\n|tier|[Gen 9] VGC 2025 Reg I (Bo3)\n|rated|\n|rule|Species Clause: Limit one of each Pok\u00e9mon\n|rule|Item Clause: Limit 1 of each item\n|clearpoke\n|poke|p1|Lunala, L50|\n|poke|p1|Rillaboom, L50, M|\n|poke|p1|Urshifu-*, L50, M|\n|poke|p1|Miraidon, L50|\n|poke|p1|Grimmsnarl, L50, M|\n|poke|p1|Ogerpon-Hearthflame, L50, F|\n|poke|p2|Ho-Oh, L50|\n|poke|p2|Miraidon, L50|\n|poke|p2|Iron Hands, L50|\n|poke|p2|Iron Treads, L50|\n|poke|p2|Farigiraf, L50, M|\n|poke|p2|Ogerpon, L50, F|\n|teampreview|4\n|showteam|p1|Lunala||Leftovers|ShadowShield|CalmMind,MoongeistBeam,DazzlingGleam,Protect||||||50|,,,,,Fairy]Rillaboom||AssaultVest|GrassySurge|WoodHammer,GrassyGlide,KnockOff,FakeOut|||M|||50|,,,,,Fire]Urshifu-Rapid-Strike||ChoiceScarf|UnseenFist|SurgingStrikes,CloseCombat,AquaJet,Uturn|||M|||50|,,,,,Water]Miraidon||ChoiceSpecs|HadronEngine|ElectroDrift,DracoMeteor,DazzlingGleam,VoltSwitch||||||50|,,,,,Fairy]Grimmsnarl||LightClay|Prankster|FoulPlay,Reflect,ThunderWave,LightScreen|||M|||50|,,,,,Ghost]Ogerpon-Hearthflame||HearthflameMask|MoldBreaker|IvyCudgel,GrassyGlide,FollowMe,SpikyShield|||F|||50|,,,,,Fire\n|showteam|p2|Ho-Oh||ClearAmulet|Regenerator|SacredFire,BraveBird,Tailwind,Protect||||||50|,,,,,Grass]Miraidon||ChoiceSpecs|HadronEngine|ElectroDrift,DracoMeteor,VoltSwitch,DazzlingGleam||||||50|,,,,,Fairy]Iron Hands||AssaultVest|QuarkDrive|DrainPunch,LowKick,WildCharge,FakeOut||||||50|,,,,,Water]Iron Treads||ChoiceBand|QuarkDrive|HighHorsepower,IronHead,Earthquake,VoltSwitch||||||50|,,,,,Normal]Farigiraf||ElectricSeed|ArmorTail|Psychic,Roar,HelpingHand,TrickRoom|||M|||50|,,,,,Water]Ogerpon||LoadedDice|Defiant|BulletSeed,KnockOff,FollowMe,SpikyShield|||F|||50|,,,,,Grass\n|\n|t:|1745952031\n|start\n|switch|p1a: Grimmsnarl|Grimmsnarl, L50, M|100/100\n|switch|p1b: Lunala|Lunala, L50|100/100\n|switch|p2a: Miraidon|Miraidon, L50|100/100\n|switch|p2b: Iron Hands|Iron Hands, L50|100/100\n|-fieldstart|move: Electric Terrain|[from] ability: Hadron Engine|[of] p2a: Miraidon\n|-activate|p2b: Iron Hands|ability: Quark Drive\n|-start|p2b: Iron Hands|quarkdriveatk\n|turn|1\n|\n|t:|1745952059\n|-terastallize|p1a: Grimmsnarl|Ghost\n|move|p2b: Iron Hands|Fake Out|p1a: Grimmsnarl\n|-immune|p1a: Grimmsnarl\n|move|p1a: Grimmsnarl|Light Screen|p1a: Grimmsnarl\n|-sidestart|p1: Monsteralover|move: Light Screen\n|move|p2a: Miraidon|Volt Switch|p1a: Grimmsnarl\n|-damage|p1a: Grimmsnarl|33/100\n|\n|t:|1745952063\n|switch|p2a: Iron Treads|Iron Treads, L50|100/100|[from] Volt Switch\n|-activate|p2a: Iron Treads|ability: Quark Drive\n|-start|p2a: Iron Treads|quarkdrivespe\n|move|p1b: Lunala|Calm Mind|p1b: Lunala\n|-boost|p1b: Lunala|spa|1\n|-boost|p1b: Lunala|spd|1\n|\n|upkeep\n|turn|2\n|\n|t:|1745952085\n|-end|p2b: Iron Hands|Quark Drive|[silent]\n|switch|p2b: Ho-Oh|Ho-Oh, L50|100/100\n|move|p1a: Grimmsnarl|Reflect|p1a: Grimmsnarl\n|-sidestart|p1: Monsteralover|Reflect\n|move|p2a: Iron Treads|Earthquake|p1a: Grimmsnarl|[spread] p1a,p1b\n|-immune|p2b: Ho-Oh\n|-damage|p1a: Grimmsnarl|0 fnt\n|-damage|p1b: Lunala|86/100\n|faint|p1a: Grimmsnarl\n|move|p1b: Lunala|Moongeist Beam|p2a: Iron Treads\n|-damage|p2a: Iron Treads|0 fnt\n|faint|p2a: Iron Treads\n|-end|p2a: Iron Treads|Quark Drive|[silent]\n|\n|-heal|p1b: Lunala|92/100|[from] item: Leftovers\n|upkeep\n|\n|t:|1745952102\n|switch|p2a: Miraidon|Miraidon, L50|100/100\n|switch|p1a: Miraidon|Miraidon, L50|100/100\n|-activate|p1a: Miraidon|ability: Hadron Engine\n|-activate|p2a: Miraidon|ability: Hadron Engine\n|turn|3\n|\n|t:|1745952121\n|-terastallize|p2a: Miraidon|Fairy\n|move|p2b: Ho-Oh|Protect|p2b: Ho-Oh\n|-singleturn|p2b: Ho-Oh|Protect\n|move|p1a: Miraidon|Volt Switch|p2a: Miraidon\n|-damage|p2a: Miraidon|26/100\n|\n|t:|1745952128\n|switch|p1a: Ogerpon|Ogerpon-Hearthflame, L50, F|100/100|[from] Volt Switch\n|-ability|p1a: Ogerpon|Mold Breaker\n|move|p2a: Miraidon|Draco Meteor|p1a: Ogerpon\n|-damage|p1a: Ogerpon|0 fnt\n|-unboost|p2a: Miraidon|spa|2\n|faint|p1a: Ogerpon\n|move|p1b: Lunala|Moongeist Beam|p2a: Miraidon\n|-crit|p2a: Miraidon\n|-damage|p2a: Miraidon|0 fnt\n|faint|p2a: Miraidon\n|\n|-heal|p1b: Lunala|98/100|[from] item: Leftovers\n|upkeep\n|-message|NoMoreRegG forfeited.\n|\n|win|Monsteralover\n|raw|Monsteralover's rating: 1229 &rarr; <strong>1247</strong><br />(+18 for winning)\n|raw|NoMoreRegG's rating: 1129 &rarr; <strong>1111</strong><br />(-18 for losing)\n|l|\u2606NoMoreRegG\n|player|p2|\n", "uploadtime": 1745952147, "views": 10, "formatid": "gen9vgc2025regibo3", "rating": 1111, "private": 0, "password": null}