{"id": "gen9vgc2025regibo3-2354591832", "format": "[Gen 9] VGC 2025 Reg I (Bo3)", "players": ["DrXJ13", "Rg67"], "log": "|j|\u2606DrXJ13\n|j|\u2606Rg67\n|html|<table width=\"100%\"><tr><td align=\"left\">DrXJ13</td><td align=\"right\">Rg67</tr><tr><td align=\"left\"><i class=\"fa fa-circle\"></i> <i class=\"fa fa-circle-o\"></i> </td><td align=\"right\"><i class=\"fa fa-circle-o\"></i> <i class=\"fa fa-circle-o\"></i> </tr></table>\n|uhtml|bestof|<h2><strong>Game 2</strong> of <a href=\"/game-bestof3-gen9vgc2025regibo3-2354590159\">a best-of-3</a></h2>\n|t:|1746099883\n|gametype|doubles\n|player|p1|DrXJ13|clair|1113\n|player|p2|Rg67|nate|1137\n|teamsize|p1|6\n|teamsize|p2|6\n|gen|9\n|tier|[Gen 9] VGC 2025 Reg I (Bo3)\n|rated|\n|rule|Species Clause: Limit one of each Pok\u00e9mon\n|rule|Item Clause: Limit 1 of each item\n|clearpoke\n|poke|p1|Calyrex-Shadow, L50|\n|poke|p1|Terapagos, L50, M|\n|poke|p1|Tornadus, L50, M|\n|poke|p1|Urshifu-*, L50, M|\n|poke|p1|Incineroar, L50, M|\n|poke|p1|Ogerpon-Cornerstone, L50, F|\n|poke|p2|Koraidon, L50|\n|poke|p2|Lunala, L50|\n|poke|p2|Chi-Yu, L50|\n|poke|p2|Flutter Mane, L50|\n|poke|p2|Indeedee-F, L50, F|\n|poke|p2|Whimsicott, L50, F|\n|teampreview|4\n|showteam|p1|Calyrex-Shadow||LifeOrb|AsOneSpectrier|AstralBarrage,DrainingKiss,NastyPlot,Protect||||||50|,,,,,Fairy]Terapagos||ChoiceSpecs|TeraShift|TeraStarstorm,HyperBeam,EarthPower,IceBeam|||M|||50|,,,,,Stellar]Tornadus||CovertCloak|Prankster|Tailwind,BleakwindStorm,Taunt,RainDance|||M|||50|,,,,,Dark]Urshifu-Rapid-Strike||MysticWater|UnseenFist|SurgingStrikes,CloseCombat,AquaJet,Detect|||M|||50|,,,,,Grass]Incineroar||RockyHelmet|Intimidate|FakeOut,FlareBlitz,KnockOff,PartingShot|||M|||50|,,,,,Ghost]Ogerpon-Cornerstone||CornerstoneMask|Sturdy|IvyCudgel,WoodHammer,FollowMe,SpikyShield|||F|||50|,,,,,Rock\n|showteam|p2|Koraidon||LifeOrb|OrichalcumPulse|FlameCharge,CloseCombat,FlareBlitz,Protect||||||50|,,,,,Fire]Lunala||PowerHerb|ShadowShield|MeteorBeam,MoongeistBeam,WideGuard,ExpandingForce||||||50|,,,,,Water]Chi-Yu||ChoiceScarf|BeadsofRuin|HeatWave,DarkPulse,Overheat,Snarl||||||50|,,,,,Ghost]Flutter Mane||FocusSash|Protosynthesis|Moonblast,ShadowBall,IcyWind,Protect||||||50|,,,,,Normal]Indeedee-F||RockyHelmet|PsychicSurge|AlluringVoice,TrickRoom,HelpingHand,FollowMe|||F|||50|,,,,,Fairy]Whimsicott||CovertCloak|Prankster|Moonblast,Tailwind,LightScreen,Encore|||F|||50|,,,,,Dark\n|inactive|Battle timer is ON: inactive players will automatically lose when time's up. (requested by DrXJ13)\n|\n|t:|1746099909\n|start\n|switch|p1a: LuixenNoSkills|Terapagos, L50, M|100/100\n|switch|p1b: Maximiliano|Tornadus, L50, M|100/100\n|switch|p2a: Chi-Yu|Chi-Yu, L50|100/100\n|switch|p2b: Lunala|Lunala, L50|100/100\n|-activate|p1a: LuixenNoSkills|ability: Tera Shift\n|detailschange|p1a: LuixenNoSkills|Terapagos-Terastal, L50, M\n|-heal|p1a: LuixenNoSkills|100/100|[silent]\n|-ability|p2a: Chi-Yu|Beads of Ruin\n|turn|1\n|\n|t:|1746099925\n|move|p1b: Maximiliano|Taunt|p2b: Lunala\n|-start|p2b: Lunala|move: Taunt\n|move|p2a: Chi-Yu|Snarl|p1b: Maximiliano|[spread] p1a,p1b\n|-activate|p1a: LuixenNoSkills|ability: Tera Shell\n|-resisted|p1a: LuixenNoSkills\n|-damage|p1a: LuixenNoSkills|89/100\n|-damage|p1b: Maximiliano|68/100\n|-unboost|p1a: LuixenNoSkills|spa|1\n|move|p2b: Lunala|Meteor Beam||[still]\n|-prepare|p2b: Lunala|Meteor Beam\n|-boost|p2b: Lunala|spa|1\n|-enditem|p2b: Lunala|Power Herb\n|-anim|p2b: Lunala|Meteor Beam|p1b: Maximiliano\n|-supereffective|p1b: Maximiliano\n|-damage|p1b: Maximiliano|0 fnt\n|faint|p1b: Maximiliano\n|move|p1a: LuixenNoSkills|Earth Power|p2a: Chi-Yu\n|-supereffective|p2a: Chi-Yu\n|-damage|p2a: Chi-Yu|49/100\n|\n|upkeep\n|\n|t:|1746099929\n|switch|p1b: Bragulat|Calyrex-Shadow, L50|100/100\n|-ability|p1b: Bragulat|As One\n|-ability|p1b: Bragulat|Unnerve\n|turn|2\n|\n|t:|1746099951\n|-terastallize|p1b: Bragulat|Fairy\n|-terastallize|p2b: Lunala|Water\n|move|p2a: Chi-Yu|Snarl|p1a: LuixenNoSkills|[spread] p1a,p1b\n|-resisted|p1b: Bragulat\n|-damage|p1a: LuixenNoSkills|66/100\n|-damage|p1b: Bragulat|86/100\n|-unboost|p1a: LuixenNoSkills|spa|1\n|-unboost|p1b: Bragulat|spa|1\n|move|p1b: Bragulat|Astral Barrage|p2b: Lunala|[spread] p2a,p2b\n|-resisted|p2a: Chi-Yu\n|-damage|p2a: Chi-Yu|28/100\n|-damage|p2b: Lunala|82/100\n|-damage|p1b: Bragulat|77/100|[from] item: Life Orb\n|move|p2b: Lunala|Moongeist Beam|p1b: Bragulat\n|-damage|p1b: Bragulat|0 fnt\n|faint|p1b: Bragulat\n|move|p1a: LuixenNoSkills|Earth Power|p2a: Chi-Yu\n|-supereffective|p2a: Chi-Yu\n|-damage|p2a: Chi-Yu|0 fnt\n|faint|p2a: Chi-Yu\n|\n|upkeep\n|\n|t:|1746099975\n|switch|p1b: Cocinas locas|Ogerpon-Cornerstone, L50, F|100/100\n|switch|p2a: Koraidon|Koraidon, L50|100/100\n|-weather|SunnyDay|[from] ability: Orichalcum Pulse|[of] p2a: Koraidon\n|-activate|p2a: Koraidon|Orichalcum Pulse|[source]\n|turn|3\n|\n|t:|1746099987\n|move|p1b: Cocinas locas|Follow Me|p1b: Cocinas locas\n|-singleturn|p1b: Cocinas locas|move: Follow Me\n|move|p2a: Koraidon|Flame Charge|p1b: Cocinas locas\n|-damage|p1b: Cocinas locas|48/100\n|-boost|p2a: Koraidon|spe|1\n|-damage|p2a: Koraidon|91/100|[from] item: Life Orb\n|move|p2b: Lunala|Moongeist Beam|p1b: Cocinas locas\n|-damage|p1b: Cocinas locas|0 fnt\n|faint|p1b: Cocinas locas\n|move|p1a: LuixenNoSkills|Earth Power|p2a: Koraidon\n|-damage|p2a: Koraidon|72/100\n|\n|-weather|SunnyDay|[upkeep]\n|-end|p2b: Lunala|move: Taunt\n|upkeep\n|turn|4\n|-message|DrXJ13 forfeited.\n|\n|win|Rg67\n||DrXJ13 is ready for game 3.\n|inactive|Rg67 has 30 seconds to confirm battle start!\n||Rg67 is ready for game 3.\n|uhtml|next|Next: <a href=\"/battle-gen9vgc2025regibo3-2354592687\"><strong>Game 3 of 3</strong></a>\n|l|\u2606Rg67\n|player|p2|\n", "uploadtime": 1746100194, "views": 9, "formatid": "gen9vgc2025regibo3", "rating": null, "private": 0, "password": null}