{"id": "gen9vgc2025regibo3-2353773416", "format": "[Gen 9] VGC 2025 Reg I (Bo3)", "players": ["bertcamem", "tombino14"], "log": "|j|\u2606bertcamem\n|j|\u2606tombino14\n|html|<table width=\"100%\"><tr><td align=\"left\">bertcamem</td><td align=\"right\">tombino14</tr><tr><td align=\"left\"><i class=\"fa fa-circle\"></i> <i class=\"fa fa-circle-o\"></i> </td><td align=\"right\"><i class=\"fa fa-circle-o\"></i> <i class=\"fa fa-circle-o\"></i> </tr></table>\n|uhtml|bestof|<h2><strong>Game 2</strong> of <a href=\"/game-bestof3-gen9vgc2025regibo3-2353772310\">a best-of-3</a></h2>\n|t:|1745997560\n|gametype|doubles\n|player|p1|bertcamem|169|1262\n|player|p2|tombino14|striker|1277\n|teamsize|p1|6\n|teamsize|p2|6\n|gen|9\n|tier|[Gen 9] VGC 2025 Reg I (Bo3)\n|rated|\n|rule|Species Clause: Limit one of each Pok\u00e9mon\n|rule|Item Clause: Limit 1 of each item\n|clearpoke\n|poke|p1|Koraidon, L50|\n|poke|p1|Ho-Oh, L50|\n|poke|p1|Gurdurr, L50, F|\n|poke|p1|Flutter Mane, L50|\n|poke|p1|Rillaboom, L50, F|\n|poke|p1|Raging Bolt, L50|\n|poke|p2|Calyrex-Shadow, L50|\n|poke|p2|Ditto, L50|\n|poke|p2|Brute Bonnet, L50|\n|poke|p2|Whimsicott, L50, M|\n|poke|p2|Chi-Yu, L50|\n|poke|p2|Koraidon, L50|\n|teampreview|4\n|showteam|p1|Koraidon||LifeOrb|OrichalcumPulse|FlareBlitz,CloseCombat,Protect,Uturn||||||50|,,,,,Fire]Ho-Oh||ClearAmulet|Regenerator|SacredFire,BraveBird,Protect,Tailwind||||||50|,,,,,Grass]Gurdurr||Eviolite|IronFist|DrainPunch,Coaching,WideGuard,HelpingHand|||F|||50|,,,,,Water]Flutter Mane||FocusSash|Protosynthesis|Moonblast,ShadowBall,Taunt,IcyWind||||||50|,,,,,Normal]Rillaboom||AssaultVest|GrassySurge|FakeOut,GrassyGlide,HighHorsepower,Uturn|||F|||50|,,,,,Fire]Raging Bolt||BoosterEnergy|Protosynthesis|Protect,Thunderclap,Thunderbolt,DracoMeteor||||||50|,,,,,Fairy\n|showteam|p2|Calyrex-Shadow||LifeOrb|AsOneSpectrier|AstralBarrage,Psychic,Encore,Protect||||||50|,,,,,Water]Ditto||FocusSash|Imposter|Transform||||||50|,,,,,Normal]Brute Bonnet||RockyHelmet|Protosynthesis|Spore,RagePowder,SuckerPunch,SeedBomb||||||50|,,,,,Water]Whimsicott||CovertCloak|Prankster|Moonblast,Tailwind,LightScreen,Encore|||M|||50|,,,,,Dark]Chi-Yu||ChoiceScarf|BeadsofRuin|HeatWave,Overheat,DarkPulse,Snarl||||||50|,,,,,Ghost]Koraidon||ClearAmulet|OrichalcumPulse|CollisionCourse,FlareBlitz,FlameCharge,Protect||||||50|,,,,,Fire\n|inactive|Battle timer is ON: inactive players will automatically lose when time's up. (requested by bertcamem)\n|\n|t:|1745997582\n|start\n|switch|p1a: Emperor|Ho-Oh, L50|100/100\n|switch|p1b: Magician|Flutter Mane, L50|100/100\n|switch|p2a: Calyrex|Calyrex-Shadow, L50|100/100\n|switch|p2b: Chi-Yu|Chi-Yu, L50|100/100\n|-ability|p2a: Calyrex|As One\n|-ability|p2a: Calyrex|Unnerve\n|-ability|p2b: Chi-Yu|Beads of Ruin\n|turn|1\n|\n|t:|1745997598\n|move|p2b: Chi-Yu|Heat Wave|p1a: Emperor|[spread] p1a,p1b\n|-resisted|p1a: Emperor\n|-damage|p1a: Emperor|87/100\n|-damage|p1b: Magician|50/100\n|move|p2a: Calyrex|Astral Barrage|p1a: Emperor|[spread] p1a,p1b\n|-supereffective|p1b: Magician\n|-crit|p1b: Magician\n|-damage|p1a: Emperor|32/100\n|-damage|p1b: Magician|0 fnt\n|faint|p1b: Magician\n|-end|p1b: Magician|Protosynthesis|[silent]\n|-ability|p2a: Calyrex|Grim Neigh|boost\n|-boost|p2a: Calyrex|spa|1\n|-damage|p2a: Calyrex|91/100|[from] item: Life Orb\n|move|p1a: Emperor|Sacred Fire|p2a: Calyrex\n|-damage|p2a: Calyrex|28/100\n|-status|p2a: Calyrex|brn\n|\n|-damage|p2a: Calyrex|22/100 brn|[from] brn\n|upkeep\n|\n|t:|1745997622\n|switch|p1b: Tower|Raging Bolt, L50|100/100\n|-enditem|p1b: Tower|Booster Energy\n|-activate|p1b: Tower|ability: Protosynthesis|[fromitem]\n|-start|p1b: Tower|protosynthesisspa\n|turn|2\n|\n|t:|1745997639\n|switch|p2a: Ditto|Ditto, L50|100/100\n|-transform|p2a: Ditto|p1b: Tower|[from] ability: Imposter\n|move|p1b: Tower|Thunderclap||[still]\n|-fail|p1b: Tower\n|move|p2b: Chi-Yu|Heat Wave|p1b: Tower|[spread] p1a,p1b\n|-resisted|p1a: Emperor\n|-resisted|p1b: Tower\n|-damage|p1a: Emperor|17/100\n|-damage|p1b: Tower|80/100\n|move|p1a: Emperor|Tailwind|p1a: Emperor\n|-sidestart|p1: bertcamem|move: Tailwind\n|\n|upkeep\n|turn|3\n|\n|t:|1745997654\n|switch|p1a: Sun|Koraidon, L50|100/100\n|-weather|SunnyDay|[from] ability: Orichalcum Pulse|[of] p1a: Sun\n|-activate|p1a: Sun|Orichalcum Pulse|[source]\n|move|p2b: Chi-Yu|Heat Wave|p1b: Tower|[spread] p1a,p1b\n|-resisted|p1a: Sun\n|-resisted|p1b: Tower\n|-damage|p1a: Sun|63/100\n|-damage|p1b: Tower|48/100\n|-status|p1b: Tower|brn\n|move|p1b: Tower|Thunderbolt|p2b: Chi-Yu\n|-damage|p2b: Chi-Yu|36/100\n|move|p2a: Ditto|Draco Meteor|p1a: Sun\n|-supereffective|p1a: Sun\n|-crit|p1a: Sun\n|-damage|p1a: Sun|0 fnt\n|-unboost|p2a: Ditto|spa|2\n|faint|p1a: Sun\n|\n|-weather|SunnyDay|[upkeep]\n|-damage|p1b: Tower|42/100 brn|[from] brn\n|upkeep\n|\n|t:|1745997658\n|switch|p1a: Emperor|Ho-Oh, L50|50/100\n|turn|4\n|-message|bertcamem forfeited.\n|\n|win|tombino14\n||bertcamem is ready for game 3.\n||tombino14 is ready for game 3.\n|uhtml|next|Next: <a href=\"/battle-gen9vgc2025regibo3-2353774061\"><strong>Game 3 of 3</strong></a>\n|l|\u2606tombino14\n|player|p2|\n", "uploadtime": 1745997908, "views": 18, "formatid": "gen9vgc2025regibo3", "rating": null, "private": 0, "password": null}