{"id": "gen9vgc2025regibo3-2354557166", "format": "[Gen 9] VGC 2025 Reg I (Bo3)", "players": ["The_AG_Is_Real", "craloo"], "log": "|j|\u203dThe_AG_Is_Real\n|j|\u2606craloo\n|html|<table width=\"100%\"><tr><td align=\"left\">The_AG_Is_Real</td><td align=\"right\">craloo</tr><tr><td align=\"left\"><i class=\"fa fa-circle-o\"></i> <i class=\"fa fa-circle-o\"></i> </td><td align=\"right\"><i class=\"fa fa-circle-o\"></i> <i class=\"fa fa-circle-o\"></i> </tr></table>\n|uhtml|bestof|<h2><strong>Game 1</strong> of <a href=\"/game-bestof3-gen9vgc2025regibo3-2354557165\">a best-of-3</a></h2>\n|t:|1746093951\n|gametype|doubles\n|player|p1|The_AG_Is_Real|candice|1470\n|player|p2|craloo|marlon|1431\n|teamsize|p1|6\n|teamsize|p2|6\n|gen|9\n|tier|[Gen 9] VGC 2025 Reg I (Bo3)\n|rated|\n|rule|Species Clause: Limit one of each Pok\u00e9mon\n|rule|Item Clause: Limit 1 of each item\n|clearpoke\n|poke|p1|Koraidon, L50|\n|poke|p1|Calyrex-Shadow, L50|\n|poke|p1|Chi-Yu, L50|\n|poke|p1|Whimsicott, L50, F|\n|poke|p1|Clefairy, L50, M|\n|poke|p1|Raging Bolt, L50|\n|poke|p2|Kyogre, L50|\n|poke|p2|Zacian-*, L50|\n|poke|p2|Rillaboom, L50, F|\n|poke|p2|Incineroar, L50, M|\n|poke|p2|Tornadus, L50, M|\n|poke|p2|Urshifu-*, L50, M|\n|teampreview|4\n|showteam|p1|Koraidon||LifeOrb|OrichalcumPulse|FlareBlitz,CloseCombat,BreakingSwipe,Protect||||||50|,,,,,Fire]Calyrex-Shadow||FocusSash|AsOneSpectrier|AstralBarrage,Psychic,NastyPlot,Protect||||||50|,,,,,Ghost]Chi-Yu||ChoiceScarf|BeadsofRuin|HeatWave,DarkPulse,Overheat,Snarl||||||50|,,,,,Ghost]Whimsicott||CovertCloak|Prankster|Moonblast,Tailwind,Encore,MistyTerrain|||F|||50|,,,,,Fire]Clefairy||Eviolite|FriendGuard|FollowMe,HelpingHand,AfterYou,Protect|||M|||50|,,,,,Water]Raging Bolt||AssaultVest|Protosynthesis|Thunderbolt,Thunderclap,DragonPulse,Electroweb||||||50|,,,,,Electric\n|showteam|p2|Kyogre||Leftovers|Drizzle|WaterSpout,OriginPulse,IceBeam,Protect||||||50|,,,,,Grass]Zacian-Crowned||RustedSword|IntrepidSword|behemothblade,PlayRough,SacredSword,Protect||||||50|,,,,,Stellar]Rillaboom||AssaultVest|GrassySurge|WoodHammer,GrassyGlide,Uturn,FakeOut|||F|||50|,,,,,Fire]Incineroar||RockyHelmet|Intimidate|KnockOff,Taunt,PartingShot,FakeOut|||M|||50|,,,,,Ghost]Tornadus||CovertCloak|Prankster|BleakwindStorm,RainDance,Tailwind,Protect|||M|||50|,,,,,Dark]Urshifu||FocusSash|UnseenFist|WickedBlow,SuckerPunch,CloseCombat,Detect|||M|||50|,,,,,Stellar\n|inactive|Battle timer is ON: inactive players will automatically lose when time's up. (requested by The_AG_Is_Real)\n|inactive|The_AG_Is_Real has 60 seconds left.\n|\n|t:|1746093983\n|start\n|switch|p1a: Calyrex|Calyrex-Shadow, L50|100/100\n|switch|p1b: Whimsicott|Whimsicott, L50, F, shiny|100/100\n|switch|p2a: Tornadus|Tornadus, L50, M, shiny|100/100\n|switch|p2b: Kyogre|Kyogre, L50|100/100\n|-ability|p1a: Calyrex|As One\n|-ability|p1a: Calyrex|Unnerve\n|-weather|RainDance|[from] ability: Drizzle|[of] p2b: Kyogre\n|turn|1\n|inactive|The_AG_Is_Real has 30 seconds left.\n|\n|t:|1746094012\n|-terastallize|p1a: Calyrex|Ghost\n|move|p1b: Whimsicott|Tailwind|p1b: Whimsicott\n|-sidestart|p1: The_AG_Is_Real|move: Tailwind\n|move|p1a: Calyrex|Astral Barrage|p2a: Tornadus|[spread] p2a,p2b\n|-damage|p2a: Tornadus|22/100\n|-damage|p2b: Kyogre|46/100\n|move|p2a: Tornadus|Bleakwind Storm|p1b: Whimsicott|[spread] p1a,p1b\n|-supereffective|p1b: Whimsicott\n|-damage|p1a: Calyrex|71/100\n|-damage|p1b: Whimsicott|16/100\n|move|p2b: Kyogre|Origin Pulse|p1b: Whimsicott|[spread] p1a,p1b\n|-resisted|p1b: Whimsicott\n|-damage|p1a: Calyrex|0 fnt\n|-damage|p1b: Whimsicott|0 fnt\n|faint|p1a: Calyrex\n|faint|p1b: Whimsicott\n|\n|-weather|RainDance|[upkeep]\n|-heal|p2b: Kyogre|53/100|[from] item: Leftovers\n|upkeep\n|\n|t:|1746094016\n|switch|p1a: Raging Bolt|Raging Bolt, L50|100/100\n|switch|p1b: Koraidon|Koraidon, L50|100/100\n|-weather|SunnyDay|[from] ability: Orichalcum Pulse|[of] p1b: Koraidon\n|-activate|p1a: Raging Bolt|ability: Protosynthesis\n|-start|p1a: Raging Bolt|protosynthesisspa\n|-activate|p1b: Koraidon|Orichalcum Pulse|[source]\n|turn|2\n|\n|t:|1746094035\n|switch|p2b: Urshifu|Urshifu, L50, M|100/100\n|move|p2a: Tornadus|Tailwind|p2a: Tornadus\n|-sidestart|p2: craloo|move: Tailwind\n|move|p1b: Koraidon|Breaking Swipe|p2b: Urshifu|[spread] p2a,p2b\n|-damage|p2a: Tornadus|0 fnt\n|-damage|p2b: Urshifu|61/100\n|-unboost|p2b: Urshifu|atk|1\n|faint|p2a: Tornadus\n|-damage|p1b: Koraidon|91/100|[from] item: Life Orb\n|move|p1a: Raging Bolt|Electroweb|p2b: Urshifu\n|-damage|p2b: Urshifu|4/100\n|-unboost|p2b: Urshifu|spe|1\n|\n|-weather|SunnyDay|[upkeep]\n|upkeep\n|\n|t:|1746094045\n|switch|p2a: Kyogre|Kyogre, L50|53/100\n|-weather|RainDance|[from] ability: Drizzle|[of] p2a: Kyogre\n|-end|p1a: Raging Bolt|Protosynthesis\n|turn|3\n|inactive|The_AG_Is_Real has 30 seconds left.\n|\n|t:|1746094075\n|-terastallize|p2a: Kyogre|Grass\n|move|p2b: Urshifu|Sucker Punch|p1a: Raging Bolt\n|-crit|p1a: Raging Bolt\n|-damage|p1a: Raging Bolt|46/100\n|move|p1b: Koraidon|Close Combat|p2a: Kyogre\n|-damage|p2a: Kyogre|0 fnt\n|-unboost|p1b: Koraidon|def|1\n|-unboost|p1b: Koraidon|spd|1\n|faint|p2a: Kyogre\n|-damage|p1b: Koraidon|81/100|[from] item: Life Orb\n|move|p1a: Raging Bolt|Electroweb|p2b: Urshifu\n|-damage|p2b: Urshifu|0 fnt\n|faint|p2b: Urshifu\n|\n|-weather|RainDance|[upkeep]\n|upkeep\n|\n|t:|1746094080\n|switch|p2a: Zacian|Zacian-Crowned, L50|100/100\n|-ability|p2a: Zacian|Intrepid Sword|boost\n|-boost|p2a: Zacian|atk|1\n|turn|4\n|\n|t:|1746094095\n|move|p1a: Raging Bolt|Thunderclap|p2a: Zacian\n|-damage|p2a: Zacian|63/100\n|move|p2a: Zacian|Play Rough|p1a: Raging Bolt\n|-supereffective|p1a: Raging Bolt\n|-damage|p1a: Raging Bolt|0 fnt\n|faint|p1a: Raging Bolt\n|-end|p1a: Raging Bolt|Protosynthesis|[silent]\n|move|p1b: Koraidon|Close Combat|p2a: Zacian\n|-damage|p2a: Zacian|0 fnt\n|-unboost|p1b: Koraidon|def|1\n|-unboost|p1b: Koraidon|spd|1\n|faint|p2a: Zacian\n|-damage|p1b: Koraidon|71/100|[from] item: Life Orb\n|\n|win|The_AG_Is_Real\n||The_AG_Is_Real is ready for game 2.\n||craloo is ready for game 2.\n|uhtml|next|Next: <a href=\"/battle-gen9vgc2025regibo3-2354557970\"><strong>Game 2 of 3</strong></a>\n|l|\u203dThe_AG_Is_Real\n|player|p1|\n|l|\u2606craloo\n|player|p2|\n", "uploadtime": 1746094438, "views": 12, "formatid": "gen9vgc2025regibo3", "rating": null, "private": 0, "password": null}