{"id": "gen9vgc2025regibo3-2354729975", "format": "[Gen 9] VGC 2025 Reg I (Bo3)", "players": ["CheTuHaiGiocato", "pantsuit"], "log": "|j|\u2606CheTuHaiGiocato\n|j|\u2606pantsuit\n|html|<table width=\"100%\"><tr><td align=\"left\">CheTuHaiGiocato</td><td align=\"right\">pantsuit</tr><tr><td align=\"left\"><i class=\"fa fa-circle\"></i> <i class=\"fa fa-circle-o\"></i> </td><td align=\"right\"><i class=\"fa fa-circle-o\"></i> <i class=\"fa fa-circle-o\"></i> </tr></table>\n|uhtml|bestof|<h2><strong>Game 2</strong> of <a href=\"/game-bestof3-gen9vgc2025regibo3-2354728301\">a best-of-3</a></h2>\n|t:|1746114653\n|gametype|doubles\n|player|p1|CheTuHaiGiocato|1|1336\n|player|p2|pantsuit|102|1301\n|teamsize|p1|6\n|teamsize|p2|6\n|gen|9\n|tier|[Gen 9] VGC 2025 Reg I (Bo3)\n|rated|\n|rule|Species Clause: Limit one of each Pok\u00e9mon\n|rule|Item Clause: Limit 1 of each item\n|clearpoke\n|poke|p1|Miraidon, L50|\n|poke|p1|Calyrex-Ice, L50|\n|poke|p1|Farigiraf, L50, F|\n|poke|p1|Ogerpon-Cornerstone, L50, F|\n|poke|p1|Incineroar, L50, F|\n|poke|p1|Iron Valiant, L50|\n|poke|p2|Koraidon, L50|\n|poke|p2|Lunala, L50|\n|poke|p2|Chi-Yu, L50|\n|poke|p2|Ursaluna, L50, F|\n|poke|p2|Brute Bonnet, L50|\n|poke|p2|Flutter Mane, L50|\n|teampreview|4\n|showteam|p1|Miraidon||ChoiceSpecs|HadronEngine|ElectroDrift,DracoMeteor,VoltSwitch,DazzlingGleam||||||50|,,,,,Fairy]Calyrex-Ice||ClearAmulet|AsOneGlastrier|GlacialLance,HighHorsepower,TrickRoom,Protect||||||50|,,,,,Water]Farigiraf||ElectricSeed|ArmorTail|FoulPlay,Psychic,TrickRoom,HelpingHand|||F|||50|,,,,,Water]Ogerpon-Cornerstone||CornerstoneMask|Sturdy|IvyCudgel,Reversal,FollowMe,SpikyShield|||F|||50|,,,,,Rock]Incineroar||AssaultVest|Intimidate|KnockOff,FlareBlitz,FakeOut,Uturn|||F|||50|,,,,,Fairy]Iron Valiant||FocusSash|QuarkDrive|SpiritBreak,IcyWind,Coaching,WideGuard||||||50|,,,,,Ghost\n|showteam|p2|Koraidon||LifeOrb|OrichalcumPulse|FlareBlitz,FlameCharge,CloseCombat,Protect||||||50|,,,,,Fire]Lunala||PowerHerb|ShadowShield|MoongeistBeam,MeteorBeam,WideGuard,TrickRoom||||||50|,,,,,Water]Chi-Yu||ChoiceScarf|BeadsofRuin|Overheat,HeatWave,DarkPulse,Snarl||||||50|,,,,,Ghost]Ursaluna||FlameOrb|Guts|Facade,Earthquake,HeadlongRush,Protect|||F|||50|,,,,,Water]Brute Bonnet||CovertCloak|Protosynthesis|SeedBomb,SuckerPunch,Spore,RagePowder||||||50|,,,,,Water]Flutter Mane||FocusSash|Protosynthesis|Moonblast,IcyWind,ShadowBall,Protect||||||50|,,,,,Normal\n|\n|t:|1746114663\n|start\n|switch|p1a: Incineroar|Incineroar, L50, F|100/100\n|switch|p1b: Miraidon|Miraidon, L50|100/100\n|switch|p2a: Lunala|Lunala, L50|100/100\n|switch|p2b: Flutter Mane|Flutter Mane, L50|100/100\n|-fieldstart|move: Electric Terrain|[from] ability: Hadron Engine|[of] p1b: Miraidon\n|-ability|p1a: Incineroar|Intimidate|boost\n|-unboost|p2a: Lunala|atk|1\n|-unboost|p2b: Flutter Mane|atk|1\n|turn|1\n|\n|t:|1746114677\n|move|p2b: Flutter Mane|Icy Wind|p1b: Miraidon|[spread] p1a,p1b\n|-resisted|p1a: Incineroar\n|-supereffective|p1b: Miraidon\n|-damage|p1a: Incineroar|96/100\n|-damage|p1b: Miraidon|72/100\n|-unboost|p1a: Incineroar|spe|1\n|-unboost|p1b: Miraidon|spe|1\n|move|p2a: Lunala|Meteor Beam||[still]\n|-prepare|p2a: Lunala|Meteor Beam\n|-boost|p2a: Lunala|spa|1\n|-enditem|p2a: Lunala|Power Herb\n|-anim|p2a: Lunala|Meteor Beam|p1b: Miraidon\n|-damage|p1b: Miraidon|17/100\n|move|p1b: Miraidon|Volt Switch|p2a: Lunala\n|-damage|p2a: Lunala|62/100\n|\n|t:|1746114689\n|switch|p1b: Calyrex|Calyrex-Ice, L50|100/100|[from] Volt Switch\n|-ability|p1b: Calyrex|As One\n|-ability|p1b: Calyrex|Unnerve\n|move|p1a: Incineroar|Knock Off|p2a: Lunala\n|-supereffective|p2a: Lunala\n|-damage|p2a: Lunala|0 fnt\n|faint|p2a: Lunala\n|\n|upkeep\n|\n|t:|1746114703\n|switch|p2a: Koraidon|Koraidon, L50|100/100\n|-weather|SunnyDay|[from] ability: Orichalcum Pulse|[of] p2a: Koraidon\n|-activate|p2b: Flutter Mane|ability: Protosynthesis\n|-start|p2b: Flutter Mane|protosynthesisspe\n|-activate|p2a: Koraidon|Orichalcum Pulse|[source]\n|turn|2\n|\n|t:|1746114713\n|-terastallize|p2a: Koraidon|Fire\n|-terastallize|p1b: Calyrex|Water\n|move|p2b: Flutter Mane|Shadow Ball|p1b: Calyrex\n|-damage|p1b: Calyrex|72/100\n|move|p2a: Koraidon|Close Combat|p1a: Incineroar\n|-supereffective|p1a: Incineroar\n|-damage|p1a: Incineroar|0 fnt\n|-unboost|p2a: Koraidon|def|1\n|-unboost|p2a: Koraidon|spd|1\n|faint|p1a: Incineroar\n|-damage|p2a: Koraidon|91/100|[from] item: Life Orb\n|move|p1b: Calyrex|Glacial Lance|p2b: Flutter Mane|[spread] p2a,p2b\n|-resisted|p2a: Koraidon\n|-damage|p2a: Koraidon|53/100\n|-enditem|p2b: Flutter Mane|Focus Sash\n|-damage|p2b: Flutter Mane|1/100\n|\n|-weather|SunnyDay|[upkeep]\n|upkeep\n|\n|t:|1746114723\n|switch|p1a: Iron Valiant|Iron Valiant, L50|100/100\n|-activate|p1a: Iron Valiant|ability: Quark Drive\n|-start|p1a: Iron Valiant|quarkdrivespe\n|turn|3\n|\n|t:|1746114749\n|move|p2b: Flutter Mane|Icy Wind|p1b: Calyrex|[spread] p1a,p1b\n|-resisted|p1b: Calyrex\n|-damage|p1a: Iron Valiant|75/100\n|-damage|p1b: Calyrex|67/100\n|-unboost|p1a: Iron Valiant|spe|1\n|move|p2a: Koraidon|Close Combat|p1b: Calyrex\n|-damage|p1b: Calyrex|4/100\n|-unboost|p2a: Koraidon|def|1\n|-unboost|p2a: Koraidon|spd|1\n|-damage|p2a: Koraidon|44/100|[from] item: Life Orb\n|move|p1a: Iron Valiant|Icy Wind|p2a: Koraidon|[spread] p2a,p2b\n|-resisted|p2a: Koraidon\n|-damage|p2a: Koraidon|33/100\n|-damage|p2b: Flutter Mane|0 fnt\n|-unboost|p2a: Koraidon|spe|1\n|faint|p2b: Flutter Mane\n|-end|p2b: Flutter Mane|Protosynthesis|[silent]\n|move|p1b: Calyrex|Glacial Lance|p2a: Koraidon\n|-resisted|p2a: Koraidon\n|-damage|p2a: Koraidon|0 fnt\n|faint|p2a: Koraidon\n|-ability|p1b: Calyrex|Chilling Neigh|boost\n|-boost|p1b: Calyrex|atk|1\n|\n|-weather|SunnyDay|[upkeep]\n|upkeep\n|-message|pantsuit forfeited.\n|\n|win|CheTuHaiGiocato\n|raw|CheTuHaiGiocato's rating: 1336 &rarr; <strong>1354</strong><br />(+18 for winning)\n|raw|pantsuit's rating: 1301 &rarr; <strong>1283</strong><br />(-18 for losing)\n", "uploadtime": 1746114765, "views": 26, "formatid": "gen9vgc2025regibo3", "rating": 1283, "private": 0, "password": null}