{"id": "gen9vgc2025regibo3-2354618363", "format": "[Gen 9] VGC 2025 Reg I (Bo3)", "players": ["freyartchan", "Cellybelly"], "log": "|j|\u2606freyartchan\n|j|\u2606Cellybelly\n|html|<table width=\"100%\"><tr><td align=\"left\">freyartchan</td><td align=\"right\">Cellybelly</tr><tr><td align=\"left\"><i class=\"fa fa-circle\"></i> <i class=\"fa fa-circle-o\"></i> </td><td align=\"right\"><i class=\"fa fa-circle-o\"></i> <i class=\"fa fa-circle\"></i> </tr></table>\n|uhtml|bestof|<h2><strong>Game 3</strong> of <a href=\"/game-bestof3-gen9vgc2025regibo3-2354613702\">a best-of-3</a></h2>\n|t:|1746103513\n|gametype|doubles\n|player|p1|freyartchan|kieran-champion|1169\n|player|p2|Cellybelly|mars|1094\n|teamsize|p1|6\n|teamsize|p2|6\n|gen|9\n|tier|[Gen 9] VGC 2025 Reg I (Bo3)\n|rated|\n|rule|Species Clause: Limit one of each Pok\u00e9mon\n|rule|Item Clause: Limit 1 of each item\n|clearpoke\n|poke|p1|Miraidon, L50|\n|poke|p1|Calyrex-Ice, L50|\n|poke|p1|Farigiraf, L50, M|\n|poke|p1|Iron Hands, L50|\n|poke|p1|Urshifu-*, L50, M|\n|poke|p1|Pelipper, L50, F|\n|poke|p2|Calyrex-Shadow, L50|\n|poke|p2|Miraidon, L50|\n|poke|p2|Clefairy, L50, F|\n|poke|p2|Whimsicott, L50, F|\n|poke|p2|Iron Hands, L50|\n|poke|p2|Chi-Yu, L50|\n|teampreview|4\n|showteam|p1|Miraidon||ChoiceSpecs|HadronEngine|ElectroDrift,DazzlingGleam,DracoMeteor,VoltSwitch||||||50|,,,,,Fairy]Calyrex-Ice||ClearAmulet|AsOneGlastrier|GlacialLance,HighHorsepower,TrickRoom,Protect||||||50|,,,,,Water]Farigiraf||ElectricSeed|ArmorTail|FoulPlay,Psychic,TrickRoom,HelpingHand|||M|||50|,,,,,Water]Iron Hands||AssaultVest|QuarkDrive|FakeOut,WildCharge,LowKick,DrainPunch||||||50|,,,,,Water]Urshifu-Rapid-Strike||ChoiceScarf|UnseenFist|SurgingStrikes,AquaJet,Uturn,CloseCombat|||M|||50|,,,,,Water]Pelipper||LifeOrb|Drizzle|WeatherBall,Hurricane,WideGuard,Protect|||F|||50|,,,,,Grass\n|showteam|p2|Calyrex-Shadow||LifeOrb|AsOneSpectrier|AstralBarrage,Psychic,Substitute,Protect||||||50|,,,,,Ghost]Miraidon||ChoiceSpecs|HadronEngine|ElectroDrift,VoltSwitch,DazzlingGleam,DracoMeteor||||||50|,,,,,Fairy]Clefairy||Eviolite|FriendGuard|FollowMe,AfterYou,HelpingHand,Protect|||F|||50|,,,,,Water]Whimsicott||CovertCloak|Prankster|Moonblast,Tailwind,LightScreen,Encore|||F|||50|,,,,,Dark]Iron Hands||AssaultVest|QuarkDrive|DrainPunch,LowKick,FakeOut,WildCharge||||||50|,,,,,Bug]Chi-Yu||ChoiceScarf|BeadsofRuin|HeatWave,Snarl,Overheat,DarkPulse||||||50|,,,,,Ghost\n|\n|t:|1746103556\n|start\n|switch|p1a: Miraidon|Miraidon, L50|100/100\n|switch|p1b: Farigiraf|Farigiraf, L50, M|100/100\n|switch|p2a: Miraidon|Miraidon, L50|100/100\n|switch|p2b: Chi-Yu|Chi-Yu, L50|100/100\n|-ability|p2b: Chi-Yu|Beads of Ruin\n|-fieldstart|move: Electric Terrain|[from] ability: Hadron Engine|[of] p1a: Miraidon\n|-enditem|p1b: Farigiraf|Electric Seed\n|-boost|p1b: Farigiraf|def|1|[from] item: Electric Seed\n|-activate|p2a: Miraidon|ability: Hadron Engine\n|turn|1\n|\n|t:|1746103595\n|switch|p1b: Pelipper|Pelipper, L50, F|100/100\n|-weather|RainDance|[from] ability: Drizzle|[of] p1b: Pelipper\n|-terastallize|p1a: Miraidon|Fairy\n|-terastallize|p2a: Miraidon|Fairy\n|move|p2b: Chi-Yu|Snarl|p1b: Pelipper|[spread] p1a,p1b\n|-resisted|p1a: Miraidon\n|-damage|p1a: Miraidon|85/100\n|-damage|p1b: Pelipper|57/100\n|-unboost|p1a: Miraidon|spa|1\n|-unboost|p1b: Pelipper|spa|1\n|move|p1a: Miraidon|Volt Switch|p2b: Chi-Yu\n|-damage|p2b: Chi-Yu|21/100\n|\n|t:|1746103631\n|switch|p1a: Calyrex|Calyrex-Ice, L50|100/100|[from] Volt Switch\n|-ability|p1a: Calyrex|As One\n|-ability|p1a: Calyrex|Unnerve\n|move|p2a: Miraidon|Dazzling Gleam|p1a: Calyrex|[spread] p1a,p1b\n|-damage|p1a: Calyrex|43/100\n|-damage|p1b: Pelipper|0 fnt\n|faint|p1b: Pelipper\n|\n|-weather|RainDance|[upkeep]\n|upkeep\n|\n|t:|1746103648\n|switch|p1b: Farigiraf|Farigiraf, L50, M|100/100\n|turn|2\n|\n|t:|1746103660\n|move|p1a: Calyrex|Protect|p1a: Calyrex\n|-singleturn|p1a: Calyrex|Protect\n|move|p2b: Chi-Yu|Snarl|p1b: Farigiraf|[spread] p1b\n|-activate|p1a: Calyrex|move: Protect\n|-supereffective|p1b: Farigiraf\n|-damage|p1b: Farigiraf|45/100\n|-unboost|p1b: Farigiraf|spa|1\n|move|p2a: Miraidon|Dazzling Gleam|p1b: Farigiraf|[spread] p1b\n|-activate|p1a: Calyrex|move: Protect\n|-damage|p1b: Farigiraf|0 fnt\n|faint|p1b: Farigiraf\n|\n|-weather|RainDance|[upkeep]\n|upkeep\n|\n|t:|1746103673\n|switch|p1b: Miraidon|Miraidon, L50, tera:Fairy|85/100\n|-activate|p1b: Miraidon|ability: Hadron Engine\n|turn|3\n|\n|t:|1746103694\n|move|p2b: Chi-Yu|Snarl|p1a: Calyrex|[spread] p1a,p1b\n|-supereffective|p1a: Calyrex\n|-resisted|p1b: Miraidon\n|-damage|p1a: Calyrex|0 fnt\n|-damage|p1b: Miraidon|70/100\n|-unboost|p1b: Miraidon|spa|1\n|faint|p1a: Calyrex\n|move|p1b: Miraidon|Electro Drift|p2a: Miraidon\n|-damage|p2a: Miraidon|4/100\n|move|p2a: Miraidon|Dazzling Gleam|p1b: Miraidon\n|-damage|p1b: Miraidon|0 fnt\n|faint|p1b: Miraidon\n|\n|win|Cellybelly\n|raw|freyartchan's rating: 1169 &rarr; <strong>1139</strong><br />(-30 for losing)\n|raw|Cellybelly's rating: 1094 &rarr; <strong>1125</strong><br />(+31 for winning)\n", "uploadtime": 1746103722, "views": 8, "formatid": "gen9vgc2025regibo3", "rating": 1125, "private": 0, "password": null}