{"id": "gen9vgc2025regibo3-2354670369", "format": "[Gen 9] VGC 2025 Reg I (Bo3)", "players": ["Big Willy J", "Gubi1994"], "log": "|j|\u2606Big Willy J\n|j|\u2606Gubi1994\n|html|<table width=\"100%\"><tr><td align=\"left\">Big Willy J</td><td align=\"right\">Gubi1994</tr><tr><td align=\"left\"><i class=\"fa fa-circle-o\"></i> <i class=\"fa fa-circle-o\"></i> </td><td align=\"right\"><i class=\"fa fa-circle-o\"></i> <i class=\"fa fa-circle\"></i> </tr></table>\n|uhtml|bestof|<h2><strong>Game 2</strong> of <a href=\"/game-bestof3-gen9vgc2025regibo3-2354667336\">a best-of-3</a></h2>\n|t:|1746109133\n|gametype|doubles\n|player|p1|Big Willy J|169|1345\n|player|p2|Gubi1994|101|1318\n|teamsize|p1|6\n|teamsize|p2|6\n|gen|9\n|tier|[Gen 9] VGC 2025 Reg I (Bo3)\n|rated|\n|rule|Species Clause: Limit one of each Pok\u00e9mon\n|rule|Item Clause: Limit 1 of each item\n|clearpoke\n|poke|p1|Miraidon, L50|\n|poke|p1|Calyrex-Ice, L50|\n|poke|p1|Iron Hands, L50|\n|poke|p1|Farigiraf, L50, M|\n|poke|p1|Ursaluna-Bloodmoon, L50, M|\n|poke|p1|Ogerpon-Cornerstone, L50, F|\n|poke|p2|Miraidon, L50|\n|poke|p2|Calyrex-Ice, L50|\n|poke|p2|Iron Hands, L50|\n|poke|p2|Farigiraf, L50, M|\n|poke|p2|Ogerpon-Hearthflame, L50, F|\n|poke|p2|Grimmsnarl, L50, M|\n|teampreview|4\n|showteam|p1|Miraidon||ChoiceScarf|HadronEngine|ElectroDrift,VoltSwitch,DracoMeteor,Snarl||||||50|,,,,,Electric]Calyrex-Ice||ClearAmulet|AsOneGlastrier|GlacialLance,HighHorsepower,TrickRoom,Protect||||||50|,,,,,Fire]Iron Hands||AssaultVest|QuarkDrive|DrainPunch,LowKick,WildCharge,FakeOut||||||50|,,,,,Water]Farigiraf||ElectricSeed|ArmorTail|TrickRoom,Psychic,FoulPlay,HelpingHand|||M|||50|,,,,,Water]Ursaluna-Bloodmoon||LifeOrb|MindsEye|Protect,HyperVoice,EarthPower,BloodMoon|||M|||50|,,,,,Normal]Ogerpon-Cornerstone||CornerstoneMask|Sturdy|IvyCudgel,Taunt,SpikyShield,FollowMe|||F|||50|,,,,,Rock\n|showteam|p2|Miraidon||ChoiceSpecs|HadronEngine|ElectroDrift,DazzlingGleam,VoltSwitch,DracoMeteor||||||50|,,,,,Fairy]Calyrex-Ice||ClearAmulet|AsOneGlastrier|GlacialLance,HighHorsepower,TrickRoom,Protect||||||50|,,,,,Water]Iron Hands||AssaultVest|QuarkDrive|DrainPunch,LowKick,FakeOut,WildCharge||||||50|,,,,,Bug]Farigiraf||ElectricSeed|ArmorTail|FoulPlay,Psychic,TrickRoom,HelpingHand|||M|||50|,,,,,Water]Ogerpon-Hearthflame||HearthflameMask|MoldBreaker|IvyCudgel,WoodHammer,FollowMe,SpikyShield|||F|||50|,,,,,Fire]Grimmsnarl||LightClay|Prankster|FoulPlay,LightScreen,Reflect,ThunderWave|||M|||50|,,,,,Ghost\n|inactive|Battle timer is ON: inactive players will automatically lose when time's up. (requested by Big Willy J)\n|inactive|Gubi1994 has 60 seconds left.\n|\n|t:|1746109171\n|start\n|switch|p1a: Farigiraf|Farigiraf, L50, M|100/100\n|switch|p1b: Miraidon|Miraidon, L50|100/100\n|switch|p2a: Iron Hands|Iron Hands, L50|100/100\n|switch|p2b: Grimmsnarl|Grimmsnarl, L50, M|100/100\n|-fieldstart|move: Electric Terrain|[from] ability: Hadron Engine|[of] p1b: Miraidon\n|-enditem|p1a: Farigiraf|Electric Seed\n|-boost|p1a: Farigiraf|def|1|[from] item: Electric Seed\n|-activate|p2a: Iron Hands|ability: Quark Drive\n|-start|p2a: Iron Hands|quarkdriveatk\n|turn|1\n|inactive|Gubi1994 has 30 seconds left.\n|\n|t:|1746109197\n|-terastallize|p1b: Miraidon|Electric\n|move|p2b: Grimmsnarl|Light Screen|p2b: Grimmsnarl\n|-sidestart|p2: Gubi1994|move: Light Screen\n|move|p1b: Miraidon|Electro Drift|p2a: Iron Hands\n|-resisted|p2a: Iron Hands\n|-damage|p2a: Iron Hands|78/100\n|move|p1a: Farigiraf|Psychic|p2a: Iron Hands\n|-supereffective|p2a: Iron Hands\n|-damage|p2a: Iron Hands|54/100\n|move|p2a: Iron Hands|Low Kick|p1b: Miraidon\n|-damage|p1b: Miraidon|11/100\n|\n|upkeep\n|turn|2\n|inactive|Big Willy J has 30 seconds left.\n|inactive|Gubi1994 has 30 seconds left.\n|\n|t:|1746109229\n|move|p1a: Farigiraf|Helping Hand|p1b: Miraidon\n|-singleturn|p1b: Miraidon|Helping Hand|[of] p1a: Farigiraf\n|move|p2b: Grimmsnarl|Reflect|p2b: Grimmsnarl\n|-sidestart|p2: Gubi1994|Reflect\n|move|p1b: Miraidon|Electro Drift|p2b: Grimmsnarl\n|-damage|p2b: Grimmsnarl|0 fnt\n|faint|p2b: Grimmsnarl\n|move|p2a: Iron Hands|Drain Punch|p1b: Miraidon\n|-damage|p1b: Miraidon|0 fnt\n|-heal|p2a: Iron Hands|58/100|[from] drain|[of] p1b: Miraidon\n|faint|p1b: Miraidon\n|\n|upkeep\n|\n|t:|1746109241\n|switch|p1b: Iron Hands|Iron Hands, L50|100/100\n|switch|p2b: Miraidon|Miraidon, L50|100/100\n|-activate|p2b: Miraidon|ability: Hadron Engine\n|-activate|p1b: Iron Hands|ability: Quark Drive\n|-start|p1b: Iron Hands|quarkdriveatk\n|turn|3\n|inactive|Gubi1994 has 30 seconds left.\n|inactive|Gubi1994 has 20 seconds left.\n|inactive|Gubi1994 has 15 seconds left.\n|\n|t:|1746109284\n|-terastallize|p2b: Miraidon|Fairy\n|move|p1b: Iron Hands|Fake Out|p2b: Miraidon\n|-damage|p2b: Miraidon|87/100\n|cant|p2b: Miraidon|flinch\n|move|p2a: Iron Hands|Wild Charge|p1a: Farigiraf\n|-damage|p1a: Farigiraf|54/100\n|-damage|p2a: Iron Hands|47/100|[from] Recoil\n|move|p1a: Farigiraf|Trick Room|p1a: Farigiraf\n|-fieldstart|move: Trick Room|[of] p1a: Farigiraf\n|\n|upkeep\n|turn|4\n|inactive|Big Willy J has 30 seconds left.\n|\n|t:|1746109309\n|move|p1a: Farigiraf|Helping Hand|p1b: Iron Hands\n|-singleturn|p1b: Iron Hands|Helping Hand|[of] p1a: Farigiraf\n|move|p1b: Iron Hands|Wild Charge|p2b: Miraidon\n|-damage|p2b: Miraidon|0 fnt\n|faint|p2b: Miraidon\n|-damage|p1b: Iron Hands|85/100|[from] Recoil\n|move|p2a: Iron Hands|Low Kick|p1b: Iron Hands\n|-damage|p1b: Iron Hands|30/100\n|\n|upkeep\n|\n|t:|1746109320\n|switch|p2b: Calyrex|Calyrex-Ice, L50|100/100\n|-ability|p2b: Calyrex|As One\n|-ability|p2b: Calyrex|Unnerve\n|turn|5\n|\n|t:|1746109337\n|move|p1a: Farigiraf|Helping Hand|p1b: Iron Hands\n|-singleturn|p1b: Iron Hands|Helping Hand|[of] p1a: Farigiraf\n|move|p2a: Iron Hands|Wild Charge|p1a: Farigiraf\n|-damage|p1a: Farigiraf|9/100\n|-damage|p2a: Iron Hands|36/100|[from] Recoil\n|move|p1b: Iron Hands|Low Kick|p2a: Iron Hands\n|-damage|p2a: Iron Hands|0 fnt\n|faint|p2a: Iron Hands\n|-end|p2a: Iron Hands|Quark Drive|[silent]\n|move|p2b: Calyrex|Glacial Lance|p1a: Farigiraf|[spread] p1a,p1b\n|-damage|p1a: Farigiraf|0 fnt\n|-damage|p1b: Iron Hands|0 fnt\n|faint|p1a: Farigiraf\n|faint|p1b: Iron Hands\n|-end|p1b: Iron Hands|Quark Drive|[silent]\n|-ability|p2b: Calyrex|Chilling Neigh|boost\n|-boost|p2b: Calyrex|atk|2\n|\n|-fieldend|move: Electric Terrain\n|upkeep\n|\n|t:|1746109343\n|switch|p1b: Calyrex|Calyrex-Ice, L50|100/100\n|-ability|p1b: Calyrex|As One\n|-ability|p1b: Calyrex|Unnerve\n|turn|6\n|-message|Big Willy J forfeited.\n|\n|win|Gubi1994\n|raw|Big Willy J's rating: 1345 &rarr; <strong>1323</strong><br />(-22 for losing)\n|raw|Gubi1994's rating: 1318 &rarr; <strong>1340</strong><br />(+22 for winning)\n|l|\u2606Big Willy J\n|player|p1|\n", "uploadtime": 1746109383, "views": 21, "formatid": "gen9vgc2025regibo3", "rating": 1323, "private": 0, "password": null}