{"id": "gen9vgc2025regibo3-2354103362", "format": "[Gen 9] VGC 2025 Reg I (Bo3)", "players": ["NuovoSangue", "Goatweebe69"], "log": "|j|\u2606NuovoSangue\n|j|\u2606Goatweebe69\n|html|<table width=\"100%\"><tr><td align=\"left\">NuovoSangue</td><td align=\"right\">Goatweebe69</tr><tr><td align=\"left\"><i class=\"fa fa-circle-o\"></i> <i class=\"fa fa-circle-o\"></i> </td><td align=\"right\"><i class=\"fa fa-circle-o\"></i> <i class=\"fa fa-circle-o\"></i> </tr></table>\n|uhtml|bestof|<h2><strong>Game 1</strong> of <a href=\"/game-bestof3-gen9vgc2025regibo3-2354103360\">a best-of-3</a></h2>\n|t:|1746035114\n|gametype|doubles\n|player|p1|NuovoSangue|grimsley|1189\n|player|p2|Goatweebe69|cynthia-gen4|1094\n|teamsize|p1|6\n|teamsize|p2|6\n|gen|9\n|tier|[Gen 9] VGC 2025 Reg I (Bo3)\n|rated|\n|rule|Species Clause: Limit one of each Pok\u00e9mon\n|rule|Item Clause: Limit 1 of each item\n|clearpoke\n|poke|p1|Tornadus, L50, M|\n|poke|p1|Urshifu-*, L50, F|\n|poke|p1|Calyrex-Shadow, L50|\n|poke|p1|Miraidon, L50|\n|poke|p1|Chi-Yu, L50|\n|poke|p1|Brute Bonnet, L50|\n|poke|p2|Calyrex-Ice, L50|\n|poke|p2|Necrozma-Dusk-Mane, L50|\n|poke|p2|Regieleki, L50|\n|poke|p2|Farigiraf, L50, F|\n|poke|p2|Umbreon, L50, M|\n|poke|p2|Landorus, L50, M|\n|teampreview|4\n|showteam|p1|Tornadus||CovertCloak|Prankster|Tailwind,BleakwindStorm,Taunt,RainDance|||M|||50|,,,,,Dark]Urshifu-Rapid-Strike||MysticWater|UnseenFist|SurgingStrikes,CloseCombat,Detect,AquaJet|||F|||50|,,,,,Water]Calyrex-Shadow||FocusSash|AsOneSpectrier|AstralBarrage,Psychic,Protect,Encore||||||50|,,,,,Ghost]Miraidon||ChoiceSpecs|HadronEngine|ElectroDrift,DracoMeteor,DazzlingGleam,VoltSwitch||||||50|,,,,,Fairy]Chi-Yu||ChoiceScarf|BeadsofRuin|HeatWave,Overheat,Snarl,DarkPulse||||||50|,,,,,Ghost]Brute Bonnet||BoosterEnergy|Protosynthesis|SuckerPunch,Spore,RagePowder,SeedBomb||||||50|,,,,,Fire\n|showteam|p2|Calyrex-Ice||ClearAmulet|AsOneGlastrier|Bulldoze,GlacialLance,Protect,HighHorsepower||||||50|,,,,,Water]Necrozma-Dusk-Mane||WeaknessPolicy|PrismArmor|SwordsDance,Earthquake,SunsteelStrike,TrickRoom||||||50|,,,,,Ground]Regieleki||FocusSash|Transistor|VoltSwitch,TeraBlast,Electroweb,Protect||||||50|,,,,,Ice]Farigiraf||SitrusBerry|ArmorTail|Bulldoze,FoulPlay,TrickRoom,HelpingHand|||F|||50|,,,,,Ground]Umbreon||SafetyGoggles|InnerFocus|FoulPlay,HelpingHand,Yawn,Snarl|||M|||50|,,,,,Water]Landorus||LifeOrb|SheerForce|EarthPower,SludgeBomb,SandsearStorm,Protect|||M|||50|,,,,,Poison\n|inactive|Battle timer is ON: inactive players will automatically lose when time's up. (requested by NuovoSangue)\n|\n|t:|1746035135\n|start\n|switch|p1a: Calyrex|Calyrex-Shadow, L50|100/100\n|switch|p1b: Tornadus|Tornadus, L50, M|100/100\n|switch|p2a: Regieleki|Regieleki, L50|100/100\n|switch|p2b: Landorus|Landorus, L50, M|100/100\n|-ability|p1a: Calyrex|As One\n|-ability|p1a: Calyrex|Unnerve\n|turn|1\n|\n|t:|1746035158\n|move|p1a: Calyrex|Protect|p1a: Calyrex\n|-singleturn|p1a: Calyrex|Protect\n|move|p2b: Landorus|Protect|p2b: Landorus\n|-singleturn|p2b: Landorus|Protect\n|move|p1b: Tornadus|Tailwind|p1b: Tornadus\n|-sidestart|p1: NuovoSangue|move: Tailwind\n|move|p2a: Regieleki|Electroweb|p1b: Tornadus|[spread] p1b\n|-activate|p1a: Calyrex|move: Protect\n|-supereffective|p1b: Tornadus\n|-damage|p1b: Tornadus|41/100\n|\n|upkeep\n|turn|2\n|\n|t:|1746035171\n|-terastallize|p1a: Calyrex|Ghost\n|move|p1a: Calyrex|Astral Barrage|p2b: Landorus|[spread] p2a,p2b\n|-enditem|p2a: Regieleki|Focus Sash\n|-damage|p2a: Regieleki|1/100\n|-damage|p2b: Landorus|12/100\n|move|p1b: Tornadus|Bleakwind Storm|p2a: Regieleki|[spread] p2a,p2b\n|-resisted|p2a: Regieleki\n|-damage|p2a: Regieleki|0 fnt\n|-damage|p2b: Landorus|0 fnt\n|faint|p2a: Regieleki\n|faint|p2b: Landorus\n|\n|upkeep\n|\n|t:|1746035182\n|switch|p2a: Calyrex|Calyrex-Ice, L50|100/100\n|switch|p2b: Necrozma|Necrozma-Dusk-Mane, L50|100/100\n|-ability|p2a: Calyrex|As One\n|-ability|p2a: Calyrex|Unnerve\n|turn|3\n|\n|t:|1746035204\n|-terastallize|p2a: Calyrex|Water\n|move|p1b: Tornadus|Taunt|p2b: Necrozma\n|-start|p2b: Necrozma|move: Taunt\n|move|p1a: Calyrex|Astral Barrage|p2b: Necrozma|[spread] p2a,p2b\n|-supereffective|p2b: Necrozma\n|-damage|p2a: Calyrex|51/100\n|-damage|p2b: Necrozma|31/100\n|-enditem|p2b: Necrozma|Weakness Policy\n|-boost|p2b: Necrozma|atk|2|[from] item: Weakness Policy\n|-boost|p2b: Necrozma|spa|2|[from] item: Weakness Policy\n|move|p2a: Calyrex|Glacial Lance|p1b: Tornadus|[spread] p1a,p1b\n|-supereffective|p1b: Tornadus\n|-damage|p1a: Calyrex|27/100\n|-damage|p1b: Tornadus|0 fnt\n|faint|p1b: Tornadus\n|-ability|p2a: Calyrex|Chilling Neigh|boost\n|-boost|p2a: Calyrex|atk|1\n|cant|p2b: Necrozma|move: Taunt|Trick Room\n|\n|upkeep\n|\n|t:|1746035211\n|switch|p1b: Chi-Yu|Chi-Yu, L50|100/100\n|-ability|p1b: Chi-Yu|Beads of Ruin\n|turn|4\n|inactive|Goatweebe69 has 30 seconds left.\n|\n|t:|1746035239\n|move|p1b: Chi-Yu|Dark Pulse|p2a: Calyrex\n|-damage|p2a: Calyrex|10/100\n|move|p1a: Calyrex|Astral Barrage|p2b: Necrozma|[spread] p2a,p2b\n|-supereffective|p2b: Necrozma\n|-damage|p2a: Calyrex|0 fnt\n|-damage|p2b: Necrozma|0 fnt\n|faint|p2a: Calyrex\n|faint|p2b: Necrozma\n|\n|win|NuovoSangue\n|l|\u2606Goatweebe69\n|player|p2|\n||Goatweebe69 is ready for game 2.\n||NuovoSangue is ready for game 2.\n|uhtml|next|Next: <a href=\"/battle-gen9vgc2025regibo3-2354104894\"><strong>Game 2 of 3</strong></a>\n|l|\u2606NuovoSangue\n|player|p1|\n", "uploadtime": 1746035628, "views": 10, "formatid": "gen9vgc2025regibo3", "rating": null, "private": 0, "password": null}