{"id": "gen9vgc2025regibo3-2353465111", "format": "[Gen 9] VGC 2025 Reg I (Bo3)", "players": ["DracoSpirit", "steeltrainer"], "log": "|j|\u2606DracoSpirit\n|j|\u2606steeltrainer\n|html|<table width=\"100%\"><tr><td align=\"left\">DracoSpirit</td><td align=\"right\">steeltrainer</tr><tr><td align=\"left\"><i class=\"fa fa-circle-o\"></i> <i class=\"fa fa-circle-o\"></i> </td><td align=\"right\"><i class=\"fa fa-circle-o\"></i> <i class=\"fa fa-circle-o\"></i> </tr></table>\n|uhtml|bestof|<h2><strong>Game 1</strong> of <a href=\"/game-bestof3-gen9vgc2025regibo3-2353465110\">a best-of-3</a></h2>\n|t:|1745958400\n|gametype|doubles\n|player|p1|DracoSpirit|blue|1137\n|player|p2|steeltrainer|steven|1125\n|teamsize|p1|6\n|teamsize|p2|6\n|gen|9\n|tier|[Gen 9] VGC 2025 Reg I (Bo3)\n|rated|\n|rule|Species Clause: Limit one of each Pok\u00e9mon\n|rule|Item Clause: Limit 1 of each item\n|clearpoke\n|poke|p1|Solgaleo, L50|\n|poke|p1|Groudon, L50|\n|poke|p1|Flutter Mane, L50|\n|poke|p1|Chi-Yu, L50|\n|poke|p1|Whimsicott, L50, M|\n|poke|p1|Walking Wake, L50|\n|poke|p2|Zamazenta-*, L50|\n|poke|p2|Chien-Pao, L50|\n|poke|p2|Dragonite, L50, M|\n|poke|p2|Calyrex-Shadow, L50|\n|poke|p2|Tornadus, L50, M|\n|poke|p2|Ogerpon-Hearthflame, L50, F|\n|teampreview|4\n|showteam|p1|Solgaleo||LumBerry|FullMetalBody|WideGuard,TrickRoom,SunsteelStrike,PsychicFangs||||||50|,,,,,Dragon]Groudon||ClearAmulet|Drought|Protect,PrecipiceBlades,HeatCrash,HelpingHand||||||50|,,,,,Fire]Flutter Mane||FocusSash|Protosynthesis|Protect,DazzlingGleam,ShadowBall,Moonblast||||||50|,,,,,Fairy]Chi-Yu||ChoiceScarf|BeadsofRuin|Snarl,DarkPulse,HeatWave,Overheat||||||50|,,,,,Ghost]Whimsicott||CovertCloak|Prankster|SunnyDay,Tailwind,MistyTerrain,GrassKnot|||M|||50|,,,,,Dark]Walking Wake||LifeOrb|Protosynthesis|Protect,HydroSteam,DracoMeteor,Flamethrower||||||50|,,,,,Steel\n|showteam|p2|Zamazenta-Crowned||RustedShield|DauntlessShield|BodyPress,behemothbash,WideGuard,Protect||||||50|,,,,,Dragon]Chien-Pao||FocusSash|SwordofRuin|IceSpinner,ThroatChop,SuckerPunch,Protect||||||50|,,,,,Ghost]Dragonite||ChoiceBand|InnerFocus|Outrage,ExtremeSpeed,AerialAce,LowKick|||M|||50|,,,,,Normal]Calyrex-Shadow||SpellTag|AsOneSpectrier|AstralBarrage,ShadowBall,PollenPuff,Protect||||||50|,,,,,Dark]Tornadus||CovertCloak|Prankster|BleakwindStorm,RainDance,Tailwind,Taunt|||M|||50|,,,,,Dark]Ogerpon-Hearthflame||HearthflameMask|MoldBreaker|IvyCudgel,HelpingHand,FollowMe,SpikyShield|||F|||50|,,,,,Fire\n|inactive|Battle timer is ON: inactive players will automatically lose when time's up. (requested by steeltrainer)\n|\n|t:|1745958493\n|start\n|switch|p1a: Whimsicott|Whimsicott, L50, M|100/100\n|switch|p1b: Chi-Yu|Chi-Yu, L50|100/100\n|switch|p2a: Chien-Pao|Chien-Pao, L50|100/100\n|switch|p2b: Dragonite|Dragonite, L50, M|100/100\n|-ability|p1b: Chi-Yu|Beads of Ruin\n|-ability|p2a: Chien-Pao|Sword of Ruin\n|turn|1\n|inactive|DracoSpirit has 30 seconds left.\n|inactive|DracoSpirit has 20 seconds left.\n|inactive|DracoSpirit has 15 seconds left.\n|inactive|DracoSpirit has 10 seconds left.\n|\n|t:|1745958541\n|switch|p1a: Flutter Mane|Flutter Mane, L50|100/100\n|-terastallize|p2b: Dragonite|Normal\n|move|p2b: Dragonite|Extreme Speed|p1a: Flutter Mane\n|-immune|p1a: Flutter Mane\n|move|p2a: Chien-Pao|Sucker Punch|p1b: Chi-Yu\n|-resisted|p1b: Chi-Yu\n|-damage|p1b: Chi-Yu|64/100\n|move|p1b: Chi-Yu|Heat Wave|p2a: Chien-Pao|[spread] p2b\n|-miss|p1b: Chi-Yu|p2a: Chien-Pao\n|-damage|p2b: Dragonite|47/100\n|\n|upkeep\n|turn|2\n|inactive|DracoSpirit has 30 seconds left.\n|inactive|steeltrainer has 30 seconds left.\n|inactive|steeltrainer has 20 seconds left.\n|inactive|steeltrainer has 15 seconds left.\n|\n|t:|1745958585\n|switch|p1b: Groudon|Groudon, L50|100/100\n|-weather|SunnyDay|[from] ability: Drought|[of] p1b: Groudon\n|-activate|p1a: Flutter Mane|ability: Protosynthesis\n|-start|p1a: Flutter Mane|protosynthesisspe\n|move|p2b: Dragonite|Extreme Speed|p1b: Groudon\n|-damage|p1b: Groudon|42/100\n|move|p2a: Chien-Pao|Sucker Punch|p1a: Flutter Mane\n|-damage|p1a: Flutter Mane|1/100\n|move|p1a: Flutter Mane|Dazzling Gleam|p2a: Chien-Pao|[spread] p2a,p2b\n|-supereffective|p2a: Chien-Pao\n|-damage|p2a: Chien-Pao|2/100\n|-damage|p2b: Dragonite|15/100\n|\n|-weather|SunnyDay|[upkeep]\n|upkeep\n|turn|3\n|inactive|DracoSpirit has 30 seconds left.\n|inactive|DracoSpirit has 20 seconds left.\n|\n|t:|1745958620\n|-end|p1a: Flutter Mane|Protosynthesis|[silent]\n|switch|p1a: Chi-Yu|Chi-Yu, L50|64/100\n|-ability|p1a: Chi-Yu|Beads of Ruin\n|move|p1b: Groudon|Protect|p1b: Groudon\n|-singleturn|p1b: Groudon|Protect\n|move|p2b: Dragonite|Extreme Speed|p1b: Groudon\n|-activate|p1b: Groudon|move: Protect\n|move|p2a: Chien-Pao|Sucker Punch||[still]\n|-fail|p2a: Chien-Pao\n|\n|-weather|SunnyDay|[upkeep]\n|upkeep\n|turn|4\n|\n|t:|1745958640\n|move|p2b: Dragonite|Extreme Speed|p1a: Chi-Yu\n|-damage|p1a: Chi-Yu|0 fnt\n|faint|p1a: Chi-Yu\n|move|p2a: Chien-Pao|Sucker Punch|p1b: Groudon\n|-damage|p1b: Groudon|13/100\n|move|p1b: Groudon|Precipice Blades|p2b: Dragonite|[spread] p2a\n|-miss|p1b: Groudon|p2b: Dragonite\n|-damage|p2a: Chien-Pao|0 fnt\n|faint|p2a: Chien-Pao\n|\n|-weather|SunnyDay|[upkeep]\n|upkeep\n|\n|t:|1745958653\n|switch|p2a: Tornadus|Tornadus, L50, M|100/100\n|switch|p1a: Flutter Mane|Flutter Mane, L50|1/100\n|-activate|p1a: Flutter Mane|ability: Protosynthesis\n|-start|p1a: Flutter Mane|protosynthesisspe\n|turn|5\n|\n|t:|1745958673\n|move|p1b: Groudon|Protect|p1b: Groudon\n|-singleturn|p1b: Groudon|Protect\n|move|p2b: Dragonite|Extreme Speed|p1b: Groudon\n|-activate|p1b: Groudon|move: Protect\n|move|p2a: Tornadus|Rain Dance|p2a: Tornadus\n|-weather|RainDance\n|-end|p1a: Flutter Mane|Protosynthesis\n|move|p1a: Flutter Mane|Dazzling Gleam|p2b: Dragonite|[spread] p2a,p2b\n|-damage|p2a: Tornadus|63/100\n|-damage|p2b: Dragonite|0 fnt\n|faint|p2b: Dragonite\n|\n|-weather|RainDance|[upkeep]\n|upkeep\n|\n|t:|1745958676\n|switch|p2b: Calyrex|Calyrex-Shadow, L50|100/100\n|-ability|p2b: Calyrex|As One\n|-ability|p2b: Calyrex|Unnerve\n|turn|6\n|inactive|DracoSpirit has 30 seconds left.\n|inactive|DracoSpirit has 20 seconds left.\n|\n|t:|1745958715\n|-end|p1a: Flutter Mane|Protosynthesis|[silent]\n|switch|p1a: Whimsicott|Whimsicott, L50, M|100/100\n|move|p1b: Groudon|Protect||[still]\n|-fail|p1b: Groudon\n|move|p2a: Tornadus|Tailwind|p2a: Tornadus\n|-sidestart|p2: steeltrainer|move: Tailwind\n|move|p2b: Calyrex|Astral Barrage|p1a: Whimsicott|[spread] p1a,p1b\n|-damage|p1a: Whimsicott|14/100\n|-damage|p1b: Groudon|0 fnt\n|faint|p1b: Groudon\n|-ability|p2b: Calyrex|Grim Neigh|boost\n|-boost|p2b: Calyrex|spa|1\n|\n|-weather|RainDance|[upkeep]\n|upkeep\n|\n|t:|1745958734\n|switch|p1b: Flutter Mane|Flutter Mane, L50|1/100\n|turn|7\n|-message|DracoSpirit forfeited.\n|\n|win|steeltrainer\n||DracoSpirit is ready for game 2.\n", "uploadtime": 1745958746, "views": 23, "formatid": "gen9vgc2025regibo3", "rating": null, "private": 0, "password": null}