{"id": "gen9vgc2025regibo3-2354201635", "format": "[Gen 9] VGC 2025 Reg I (Bo3)", "players": ["Cabramontesa", "NoMoreRegG"], "log": "|j|\u2606Cabramontesa\n|j|\u2606NoMoreRegG\n|html|<table width=\"100%\"><tr><td align=\"left\">Cabramontesa</td><td align=\"right\">NoMoreRegG</tr><tr><td align=\"left\"><i class=\"fa fa-circle\"></i> <i class=\"fa fa-circle-o\"></i> </td><td align=\"right\"><i class=\"fa fa-circle-o\"></i> <i class=\"fa fa-circle\"></i> </tr></table>\n|uhtml|bestof|<h2><strong>Game 3</strong> of <a href=\"/game-bestof3-gen9vgc2025regibo3-2354198544\">a best-of-3</a></h2>\n|t:|1746044107\n|gametype|doubles\n|player|p1|Cabramontesa|1|\n|player|p2|NoMoreRegG|scientist-gen4dp|\n|teamsize|p1|6\n|teamsize|p2|6\n|gen|9\n|tier|[Gen 9] VGC 2025 Reg I (Bo3)\n|rule|Species Clause: Limit one of each Pok\u00e9mon\n|rule|Item Clause: Limit 1 of each item\n|clearpoke\n|poke|p1|Rayquaza, L50|\n|poke|p1|Flutter Mane, L50|\n|poke|p1|Okidogi, L50, M|\n|poke|p1|Roaring Moon, L50|\n|poke|p1|Chien-Pao, L50|\n|poke|p1|Groudon, L50|\n|poke|p2|Ho-Oh, L50|\n|poke|p2|Miraidon, L50|\n|poke|p2|Iron Hands, L50|\n|poke|p2|Iron Treads, L50|\n|poke|p2|Farigiraf, L50, M|\n|poke|p2|Ogerpon, L50, F|\n|teampreview|4\n|showteam|p1|Rayquaza||ClearAmulet|AirLock|ExtremeSpeed,DragonAscent,SwordsDance,Protect||||||50|,,,,,Normal]Flutter Mane||ChoiceSpecs|Protosynthesis|ShadowBall,DazzlingGleam,Moonblast,IcyWind||||||50|,,,,,Fairy]Okidogi||AssaultVest|GuardDog|GunkShot,DrainPunch,UpperHand,KnockOff|||M|||50|,,,,,Dark]Roaring Moon||BoosterEnergy|Protosynthesis|Acrobatics,KnockOff,Protect,Tailwind||||||50|,,,,,Poison]Chien-Pao||FocusSash|SwordofRuin|SuckerPunch,IceSpinner,Crunch,Protect||||||50|,,,,,Ghost]Groudon||Leftovers|Drought|BulkUp,PrecipiceBlades,HeatCrash,Protect||||||50|,,,,,Fire\n|showteam|p2|Ho-Oh||ClearAmulet|Regenerator|SacredFire,BraveBird,Tailwind,Protect||||||50|,,,,,Grass]Miraidon||ChoiceSpecs|HadronEngine|ElectroDrift,DracoMeteor,VoltSwitch,DazzlingGleam||||||50|,,,,,Fairy]Iron Hands||AssaultVest|QuarkDrive|DrainPunch,LowKick,WildCharge,FakeOut||||||50|,,,,,Water]Iron Treads||ChoiceBand|QuarkDrive|HighHorsepower,IronHead,Earthquake,VoltSwitch||||||50|,,,,,Normal]Farigiraf||ElectricSeed|ArmorTail|FoulPlay,Roar,HelpingHand,TrickRoom|||M|||50|,,,,,Water]Ogerpon||LoadedDice|Defiant|BulletSeed,KnockOff,FollowMe,SpikyShield|||F|||50|,,,,,Grass\n|c|\u2606NoMoreRegG|eso lo hace un dragonite\n|\n|t:|1746044148\n|start\n|switch|p1a: Rayquaza|Rayquaza, L50|100/100\n|switch|p1b: Chien-Pao|Chien-Pao, L50|100/100\n|switch|p2a: Ho-Oh|Ho-Oh, L50|100/100\n|switch|p2b: Iron Treads|Iron Treads, L50|100/100\n|-ability|p1b: Chien-Pao|Sword of Ruin\n|-ability|p1a: Rayquaza|Air Lock\n|turn|1\n|c|\u2606Cabramontesa|Pero nite no me quita la lluvia\n|\n|t:|1746044184\n|move|p1b: Chien-Pao|Ice Spinner|p2b: Iron Treads\n|-damage|p2b: Iron Treads|52/100\n|move|p2b: Iron Treads|Volt Switch|p1b: Chien-Pao\n|-damage|p1b: Chien-Pao|81/100\n|c|\u2606NoMoreRegG|eso lo hace tambien un tornadus\n|\n|t:|1746044198\n|-end|p2b: Iron Treads|Quark Drive|[silent]\n|switch|p2b: Miraidon|Miraidon, L50|100/100|[from] Volt Switch\n|-fieldstart|move: Electric Terrain|[from] ability: Hadron Engine|[of] p2b: Miraidon\n|move|p2a: Ho-Oh|Tailwind|p2a: Ho-Oh\n|-sidestart|p2: NoMoreRegG|move: Tailwind\n|move|p1a: Rayquaza|Swords Dance|p1a: Rayquaza\n|-boost|p1a: Rayquaza|atk|2\n|\n|upkeep\n|turn|2\n|\n|t:|1746044215\n|switch|p2b: Iron Treads|Iron Treads, L50|52/100\n|-activate|p2b: Iron Treads|ability: Quark Drive\n|-start|p2b: Iron Treads|quarkdrivespe\n|-terastallize|p1a: Rayquaza|Normal\n|move|p1a: Rayquaza|Extreme Speed|p2b: Iron Treads\n|-resisted|p2b: Iron Treads\n|-damage|p2b: Iron Treads|0 fnt\n|faint|p2b: Iron Treads\n|-end|p2b: Iron Treads|Quark Drive|[silent]\n|move|p2a: Ho-Oh|Sacred Fire|p1b: Chien-Pao\n|-supereffective|p1b: Chien-Pao\n|-damage|p1b: Chien-Pao|0 fnt\n|faint|p1b: Chien-Pao\n|\n|upkeep\n|\n|t:|1746044233\n|switch|p1b: Roaring Moon|Roaring Moon, L50|100/100\n|switch|p2b: Ogerpon|Ogerpon, L50, F|100/100\n|-enditem|p1b: Roaring Moon|Booster Energy\n|-activate|p1b: Roaring Moon|ability: Protosynthesis|[fromitem]\n|-start|p1b: Roaring Moon|protosynthesisatk\n|turn|3\n|c|\u2606Cabramontesa|Llevo mal la stat del roaring\n|c|\u2606NoMoreRegG|si ya veo ya\n|c|\u2606NoMoreRegG|y mi team necesita cambiar cosas\n|c|\u2606NoMoreRegG|me parece malo\n|\n|t:|1746044289\n|move|p2b: Ogerpon|Spiky Shield|p2b: Ogerpon\n|-singleturn|p2b: Ogerpon|move: Protect\n|move|p1a: Rayquaza|Extreme Speed|p2a: Ho-Oh\n|-damage|p2a: Ho-Oh|0 fnt\n|faint|p2a: Ho-Oh\n|move|p1b: Roaring Moon|Acrobatics|p2b: Ogerpon\n|-activate|p2b: Ogerpon|move: Protect\n|-damage|p1b: Roaring Moon|88/100|[from] Spiky Shield|[of] p2b: Ogerpon\n|\n|upkeep\n|\n|t:|1746044294\n|switch|p2a: Miraidon|Miraidon, L50|100/100\n|-activate|p2a: Miraidon|ability: Hadron Engine\n|turn|4\n|\n|t:|1746044319\n|move|p1b: Roaring Moon|Protect|p1b: Roaring Moon\n|-singleturn|p1b: Roaring Moon|Protect\n|move|p2b: Ogerpon|Follow Me|p2b: Ogerpon\n|-singleturn|p2b: Ogerpon|move: Follow Me\n|move|p1a: Rayquaza|Extreme Speed|p2b: Ogerpon\n|-damage|p2b: Ogerpon|0 fnt\n|faint|p2b: Ogerpon\n|move|p2a: Miraidon|Electro Drift|p1a: Rayquaza\n|-damage|p1a: Rayquaza|0 fnt\n|faint|p1a: Rayquaza\n|\n|-sideend|p2: NoMoreRegG|move: Tailwind\n|upkeep\n|\n|t:|1746044333\n|switch|p1a: Groudon|Groudon, L50|100/100\n|-weather|SunnyDay|[from] ability: Drought|[of] p1a: Groudon\n|turn|5\n|c|\u2606NoMoreRegG|okey espera que saque el balance\n|c|\u2606Cabramontesa|Voy a ver el futbito\n|c|\u2606Cabramontesa|que ya ha empezado\n|c|\u2606NoMoreRegG|oki entonces\n|-message|NoMoreRegG forfeited.\n|\n|win|Cabramontesa\n|c|\u2606NoMoreRegG|gg\n|l|\u2606NoMoreRegG\n|player|p2|\n|c|\u2606Cabramontesa|Gg\n|l|\u2606Cabramontesa\n|player|p1|\n", "uploadtime": 1746044654, "views": 8, "formatid": "gen9vgc2025regibo3", "rating": null, "private": 0, "password": null}