{"id": "gen9vgc2025regibo3-2354847886", "format": "[Gen 9] VGC 2025 Reg I (Bo3)", "players": ["tatsur0u", "JKAngelz"], "log": "|j|\u2606tatsur0u\n|j|\u2606JKAngelz\n|html|<table width=\"100%\"><tr><td align=\"left\">tatsur0u</td><td align=\"right\">JKAngelz</tr><tr><td align=\"left\"><i class=\"fa fa-circle\"></i> <i class=\"fa fa-circle-o\"></i> </td><td align=\"right\"><i class=\"fa fa-circle-o\"></i> <i class=\"fa fa-circle\"></i> </tr></table>\n|uhtml|bestof|<h2><strong>Game 3</strong> of <a href=\"/game-bestof3-gen9vgc2025regibo3-2354842237\">a best-of-3</a></h2>\n|t:|1746124982\n|gametype|doubles\n|player|p1|tatsur0u|blue|1314\n|player|p2|JKAngelz|hilbert|1273\n|teamsize|p1|6\n|teamsize|p2|6\n|gen|9\n|tier|[Gen 9] VGC 2025 Reg I (Bo3)\n|rated|\n|rule|Species Clause: Limit one of each Pok\u00e9mon\n|rule|Item Clause: Limit 1 of each item\n|clearpoke\n|poke|p1|Calyrex-Shadow, L50|\n|poke|p1|Zamazenta-*, L50|\n|poke|p1|Ogerpon-Hearthflame, L50, F|\n|poke|p1|Raging Bolt, L50|\n|poke|p1|Ting-Lu, L50|\n|poke|p1|Dondozo, L50, F|\n|poke|p2|Zacian-*, L50|\n|poke|p2|Amoonguss, L50, F|\n|poke|p2|Raging Bolt, L50|\n|poke|p2|Kyogre, L50|\n|poke|p2|Tornadus, L50, M|\n|poke|p2|Incineroar, L50, F|\n|teampreview|4\n|showteam|p1|Calyrex-Shadow||FocusSash|AsOneSpectrier|AstralBarrage,Psychic,PollenPuff,Protect||||||50|,,,,,Ghost]Zamazenta-Crowned||RustedShield|DauntlessShield|BodyPress,behemothbash,WideGuard,Protect||||||50|,,,,,Dragon]Ogerpon-Hearthflame||HearthflameMask|MoldBreaker|IvyCudgel,WoodHammer,FollowMe,SpikyShield|||F|||50|,,,,,Fire]Raging Bolt||AssaultVest|Protosynthesis|Thunderclap,Thunderbolt,Electroweb,DracoMeteor||||||50|,,,,,Fairy]Ting-Lu||FigyBerry|VesselofRuin|Ruination,ThroatChop,SandTomb,Protect||||||50|,,,,,Water]Dondozo||Leftovers|Unaware|WaveCrash,Yawn,Protect,Fissure|||F|||50|,,,,,Poison\n|showteam|p2|Zacian-Crowned||RustedSword|IntrepidSword|behemothblade,Protect,PlayRough,SacredSword||||||50|,,,,,Fairy]Amoonguss||RockyHelmet|Regenerator|Spore,Protect,SludgeBomb,RagePowder|||F|||50|,,,,,Water]Raging Bolt||AssaultVest|Protosynthesis|Thunderclap,Thunderbolt,DragonPulse,Electroweb||||||50|,,,,,Fairy]Kyogre||MysticWater|Drizzle|WaterSpout,Protect,OriginPulse,IceBeam||||||50|,,,,,Grass]Tornadus||CovertCloak|Prankster|BleakwindStorm,Tailwind,RainDance,Leer|||M|||50|,,,,,Dark]Incineroar||SafetyGoggles|Intimidate|FakeOut,KnockOff,PartingShot,FlareBlitz|||F|||50|,,,,,Ghost\n|inactive|Battle timer is ON: inactive players will automatically lose when time's up. (requested by tatsur0u)\n|\n|t:|1746125020\n|start\n|switch|p1a: Calyrex|Calyrex-Shadow, L50|100/100\n|switch|p1b: Ogerpon|Ogerpon-Hearthflame, L50, F|100/100\n|switch|p2a: Zacian|Zacian-Crowned, L50, shiny|100/100\n|switch|p2b: Tornadus|Tornadus, L50, M|100/100\n|-ability|p1a: Calyrex|As One\n|-ability|p1a: Calyrex|Unnerve\n|-ability|p2a: Zacian|Intrepid Sword|boost\n|-boost|p2a: Zacian|atk|1\n|-ability|p1b: Ogerpon|Mold Breaker\n|turn|1\n|inactive|tatsur0u has 30 seconds left.\n|inactive|tatsur0u has 20 seconds left.\n|\n|t:|1746125057\n|-terastallize|p1a: Calyrex|Ghost\n|-terastallize|p2b: Tornadus|Dark\n|move|p1b: Ogerpon|Follow Me|p1b: Ogerpon\n|-singleturn|p1b: Ogerpon|move: Follow Me\n|move|p2b: Tornadus|Tailwind|p2b: Tornadus\n|-sidestart|p2: JKAngelz|move: Tailwind\n|move|p2a: Zacian|Behemoth Blade|p1b: Ogerpon\n|-resisted|p1b: Ogerpon\n|-damage|p1b: Ogerpon|55/100\n|move|p1a: Calyrex|Astral Barrage|p2a: Zacian|[spread] p2a,p2b\n|-resisted|p2b: Tornadus\n|-damage|p2a: Zacian|35/100\n|-damage|p2b: Tornadus|61/100\n|\n|upkeep\n|turn|2\n|\n|t:|1746125079\n|move|p2a: Zacian|Protect|p2a: Zacian\n|-singleturn|p2a: Zacian|Protect\n|move|p1a: Calyrex|Protect|p1a: Calyrex\n|-singleturn|p1a: Calyrex|Protect\n|move|p1b: Ogerpon|Spiky Shield|p1b: Ogerpon\n|-singleturn|p1b: Ogerpon|move: Protect\n|move|p2b: Tornadus|Bleakwind Storm|p1a: Calyrex|[spread] \n|-activate|p1a: Calyrex|move: Protect\n|-activate|p1b: Ogerpon|move: Protect\n|\n|upkeep\n|turn|3\n|inactive|JKAngelz has 30 seconds left.\n|\n|t:|1746125105\n|move|p1b: Ogerpon|Follow Me|p1b: Ogerpon\n|-singleturn|p1b: Ogerpon|move: Follow Me\n|move|p2b: Tornadus|Leer|p1b: Ogerpon|[spread] p1a,p1b\n|-unboost|p1a: Calyrex|def|1\n|-unboost|p1b: Ogerpon|def|1\n|move|p2a: Zacian|Behemoth Blade|p1b: Ogerpon\n|-resisted|p1b: Ogerpon\n|-damage|p1b: Ogerpon|0 fnt\n|faint|p1b: Ogerpon\n|move|p1a: Calyrex|Astral Barrage|p2a: Zacian|[spread] p2a,p2b\n|-resisted|p2b: Tornadus\n|-damage|p2a: Zacian|0 fnt\n|-damage|p2b: Tornadus|18/100\n|faint|p2a: Zacian\n|-ability|p1a: Calyrex|Grim Neigh|boost\n|-boost|p1a: Calyrex|spa|1\n|\n|upkeep\n|\n|t:|1746125120\n|switch|p2a: Kyogre|Kyogre, L50, shiny|100/100\n|switch|p1b: Raging Bolt|Raging Bolt, L50|100/100\n|-weather|RainDance|[from] ability: Drizzle|[of] p2a: Kyogre\n|turn|4\n|\n|t:|1746125131\n|move|p1b: Raging Bolt|Thunderclap|p2b: Tornadus\n|-damage|p2b: Tornadus|0 fnt\n|faint|p2b: Tornadus\n|move|p2a: Kyogre|Ice Beam|p1b: Raging Bolt\n|-supereffective|p1b: Raging Bolt\n|-damage|p1b: Raging Bolt|63/100\n|move|p1a: Calyrex|Astral Barrage|p2a: Kyogre\n|-damage|p2a: Kyogre|0 fnt\n|faint|p2a: Kyogre\n|-ability|p1a: Calyrex|Grim Neigh|boost\n|-boost|p1a: Calyrex|spa|1\n|\n|-weather|RainDance|[upkeep]\n|-sideend|p2: JKAngelz|move: Tailwind\n|upkeep\n|\n|t:|1746125137\n|switch|p2b: Raging Bolt|Raging Bolt, L50|100/100\n|turn|5\n|\n|t:|1746125147\n|move|p1a: Calyrex|Astral Barrage|p2b: Raging Bolt\n|-damage|p2b: Raging Bolt|10/100\n|move|p1b: Raging Bolt|Draco Meteor|p2b: Raging Bolt\n|-supereffective|p2b: Raging Bolt\n|-damage|p2b: Raging Bolt|0 fnt\n|-unboost|p1b: Raging Bolt|spa|2\n|faint|p2b: Raging Bolt\n|-end|p2b: Raging Bolt|Protosynthesis|[silent]\n|\n|win|tatsur0u\n|raw|tatsur0u's rating: 1314 &rarr; <strong>1332</strong><br />(+18 for winning)\n|raw|JKAngelz's rating: 1273 &rarr; <strong>1251</strong><br />(-22 for losing)\n", "uploadtime": 1746125157, "views": 14, "formatid": "gen9vgc2025regibo3", "rating": 1251, "private": 0, "password": null}