{"id": "gen9vgc2025regibo3-2353577683", "format": "[Gen 9] VGC 2025 Reg I (Bo3)", "players": ["Soda_Machine4", "chris2222"], "log": "|j|\u2606Soda_Machine4\n|j|\u203dchris2222\n|html|<table width=\"100%\"><tr><td align=\"left\">Soda_Machine4</td><td align=\"right\">chris2222</tr><tr><td align=\"left\"><i class=\"fa fa-circle\"></i> <i class=\"fa fa-circle-o\"></i> </td><td align=\"right\"><i class=\"fa fa-circle-o\"></i> <i class=\"fa fa-circle\"></i> </tr></table>\n|uhtml|bestof|<h2><strong>Game 3</strong> of <a href=\"/game-bestof3-gen9vgc2025regibo3-2353572038\">a best-of-3</a></h2>\n|t:|1745970412\n|gametype|doubles\n|player|p1|Soda_Machine4|baker|1070\n|player|p2|chris2222|266|1144\n|teamsize|p1|6\n|teamsize|p2|6\n|gen|9\n|tier|[Gen 9] VGC 2025 Reg I (Bo3)\n|rated|\n|rule|Species Clause: Limit one of each Pok\u00e9mon\n|rule|Item Clause: Limit 1 of each item\n|clearpoke\n|poke|p1|Palkia, L50|\n|poke|p1|Calyrex-Ice, L50|\n|poke|p1|Raichu, L50, M|\n|poke|p1|Ursaluna, L50, M|\n|poke|p1|Indeedee-F, L50, F|\n|poke|p1|Incineroar, L50, F|\n|poke|p2|Koraidon, L50|\n|poke|p2|Miraidon, L50|\n|poke|p2|Ogerpon-Hearthflame, L50, F|\n|poke|p2|Flutter Mane, L50|\n|poke|p2|Iron Treads, L50|\n|poke|p2|Roaring Moon, L50|\n|teampreview|4\n|showteam|p1|Palkia||SitrusBerry|Telepathy|SpacialRend,Roar,TrickRoom,Protect||||||50|,,,,,Steel]Calyrex-Ice||ClearAmulet|AsOneGlastrier|GlacialLance,HighHorsepower,TrickRoom,Protect||||||50|,,,,,Water]Raichu||FocusSash|LightningRod|FakeOut,Endeavor,VoltSwitch,HelpingHand|||M|||50|,,,,,Fairy]Ursaluna||FlameOrb|Guts|Earthquake,Facade,HeadlongRush,Protect|||M|||50|,,,,,Ground]Indeedee-F||PsychicSeed|PsychicSurge|HelpingHand,FollowMe,TrickRoom,Protect|||F|||50|,,,,,Fairy]Incineroar||SafetyGoggles|Intimidate|KnockOff,FakeOut,Taunt,PartingShot|||F|||50|,,,,,Ghost\n|showteam|p2|Koraidon||LifeOrb|OrichalcumPulse|Protect,FlareBlitz,CollisionCourse,Uturn||||||50|,,,,,Fire]Miraidon||ChoiceSpecs|HadronEngine|VoltSwitch,ElectroDrift,DazzlingGleam,DracoMeteor||||||50|,,,,,Electric]Ogerpon-Hearthflame||HearthflameMask|MoldBreaker|SpikyShield,FollowMe,IvyCudgel,HornLeech|||F|||50|,,,,,Fire]Flutter Mane||FocusSash|Protosynthesis|Protect,Moonblast,IcyWind,ShadowBall||||||50|,,,,,Fairy]Iron Treads||ChoiceScarf|QuarkDrive|HighHorsepower,RockSlide,KnockOff,IronHead||||||50|,,,,,Steel]Roaring Moon||BoosterEnergy|Protosynthesis|Protect,Acrobatics,Tailwind,KnockOff||||||50|,,,,,Fairy\n|inactive|Battle timer is ON: inactive players will automatically lose when time's up. (requested by chris2222)\n|\n|t:|1745970449\n|start\n|switch|p1a: Material Morning|Palkia, L50, shiny|100/100\n|switch|p1b: Cyan|Indeedee-F, L50, F, shiny|100/100\n|switch|p2a: Koraidon|Koraidon, L50|100/100\n|switch|p2b: Miraidon|Miraidon, L50|100/100\n|-fieldstart|move: Electric Terrain|[from] ability: Hadron Engine|[of] p2b: Miraidon\n|-weather|SunnyDay|[from] ability: Orichalcum Pulse|[of] p2a: Koraidon\n|-activate|p2a: Koraidon|Orichalcum Pulse|[source]\n|-fieldstart|move: Psychic Terrain|[from] ability: Psychic Surge|[of] p1b: Cyan\n|-enditem|p1b: Cyan|Psychic Seed\n|-boost|p1b: Cyan|spd|1|[from] item: Psychic Seed\n|turn|1\n|inactive|Soda_Machine4 has 30 seconds left.\n|inactive|chris2222 has 30 seconds left.\n|inactive|Soda_Machine4 has 20 seconds left.\n|inactive|chris2222 has 20 seconds left.\n|\n|t:|1745970491\n|move|p1b: Cyan|Follow Me|p1b: Cyan\n|-singleturn|p1b: Cyan|move: Follow Me\n|move|p2b: Miraidon|Dazzling Gleam|p1b: Cyan|[spread] p1a,p1b\n|-supereffective|p1a: Material Morning\n|-damage|p1a: Material Morning|64/100\n|-damage|p1b: Cyan|86/100\n|move|p2a: Koraidon|Collision Course|p1b: Cyan\n|-damage|p1b: Cyan|0 fnt\n|faint|p1b: Cyan\n|-damage|p2a: Koraidon|91/100|[from] item: Life Orb\n|move|p1a: Material Morning|Trick Room|p1a: Material Morning\n|-fieldstart|move: Trick Room|[of] p1a: Material Morning\n|\n|-weather|SunnyDay|[upkeep]\n|upkeep\n|\n|t:|1745970510\n|switch|p1b: Sup. Realism|Calyrex-Ice, L50|100/100\n|-ability|p1b: Sup. Realism|As One\n|-ability|p1b: Sup. Realism|Unnerve\n|turn|2\n|inactive|Soda_Machine4 has 30 seconds left.\n|inactive|chris2222 has 30 seconds left.\n|inactive|Soda_Machine4 has 20 seconds left.\n|inactive|chris2222 has 20 seconds left.\n|inactive|Soda_Machine4 has 15 seconds left.\n|inactive|chris2222 has 15 seconds left.\n|inactive|Soda_Machine4 has 10 seconds left.\n|inactive|chris2222 has 10 seconds left.\n|\n|t:|1745970560\n|-terastallize|p1b: Sup. Realism|Water\n|-terastallize|p2a: Koraidon|Fire\n|move|p1b: Sup. Realism|Glacial Lance|p2a: Koraidon|[spread] p2a,p2b\n|-resisted|p2a: Koraidon\n|-supereffective|p2b: Miraidon\n|-damage|p2a: Koraidon|64/100\n|-damage|p2b: Miraidon|0 fnt\n|faint|p2b: Miraidon\n|-ability|p1b: Sup. Realism|Chilling Neigh|boost\n|-boost|p1b: Sup. Realism|atk|1\n|move|p1a: Material Morning|Spacial Rend|p2a: Koraidon\n|-damage|p2a: Koraidon|18/100\n|move|p2a: Koraidon|Collision Course|p1b: Sup. Realism\n|-damage|p1b: Sup. Realism|42/100\n|-damage|p2a: Koraidon|8/100|[from] item: Life Orb\n|\n|-weather|SunnyDay|[upkeep]\n|upkeep\n|\n|t:|1745970571\n|switch|p2b: Iron Treads|Iron Treads, L50|100/100\n|turn|3\n|inactive|Soda_Machine4 has 30 seconds left.\n|\n|t:|1745970604\n|move|p2a: Koraidon|Protect|p2a: Koraidon\n|-singleturn|p2a: Koraidon|Protect\n|move|p1b: Sup. Realism|Glacial Lance|p2a: Koraidon|[spread] p2b\n|-activate|p2a: Koraidon|move: Protect\n|-damage|p2b: Iron Treads|23/100\n|move|p1a: Material Morning|Spacial Rend|p2b: Iron Treads\n|-resisted|p2b: Iron Treads\n|-damage|p2b: Iron Treads|0 fnt\n|faint|p2b: Iron Treads\n|-end|p2b: Iron Treads|Quark Drive|[silent]\n|\n|-weather|SunnyDay|[upkeep]\n|upkeep\n|\n|t:|1745970612\n|switch|p2b: Flutter Mane|Flutter Mane, L50|100/100\n|-activate|p2b: Flutter Mane|ability: Protosynthesis\n|-start|p2b: Flutter Mane|protosynthesisspe\n|turn|4\n|\n|t:|1745970633\n|switch|p1a: Yellow|Raichu, L50, M|100/100\n|move|p2a: Koraidon|Protect||[still]\n|-fail|p2a: Koraidon\n|move|p2b: Flutter Mane|Protect|p2b: Flutter Mane\n|-singleturn|p2b: Flutter Mane|Protect\n|move|p1b: Sup. Realism|Glacial Lance|p2b: Flutter Mane|[spread] p2a\n|-activate|p2b: Flutter Mane|move: Protect\n|-resisted|p2a: Koraidon\n|-damage|p2a: Koraidon|0 fnt\n|faint|p2a: Koraidon\n|-ability|p1b: Sup. Realism|Chilling Neigh|boost\n|-boost|p1b: Sup. Realism|atk|1\n|\n|-weather|SunnyDay|[upkeep]\n|upkeep\n|turn|5\n|\n|t:|1745970654\n|move|p1a: Yellow|Helping Hand|p1b: Sup. Realism\n|-singleturn|p1b: Sup. Realism|Helping Hand|[of] p1a: Yellow\n|move|p2b: Flutter Mane|Protect||[still]\n|-fail|p2b: Flutter Mane\n|move|p1b: Sup. Realism|Glacial Lance|p2b: Flutter Mane\n|-enditem|p2b: Flutter Mane|Focus Sash\n|-damage|p2b: Flutter Mane|1/100\n|\n|-weather|none\n|-end|p2b: Flutter Mane|Protosynthesis\n|-fieldend|move: Trick Room\n|-fieldend|move: Psychic Terrain\n|upkeep\n|turn|6\n|-message|chris2222 forfeited.\n|\n|win|Soda_Machine4\n|raw|Soda_Machine4's rating: 1070 &rarr; <strong>1106</strong><br />(+36 for winning)\n|raw|chris2222's rating: 1144 &rarr; <strong>1114</strong><br />(-30 for losing)\n|l|\u203dchris2222\n|player|p2|\n|c|\u2606Soda_Machine4|gg\n", "uploadtime": 1745970681, "views": 23, "formatid": "gen9vgc2025regibo3", "rating": 1106, "private": 0, "password": null}