{"id": "gen9vgc2025regibo3-2354384241", "format": "[Gen 9] VGC 2025 Reg I (Bo3)", "players": ["ledinoleo", "Mountainman46"], "log": "|j|\u2606ledinoleo\n|j|\u2606Mountainman46\n|html|<table width=\"100%\"><tr><td align=\"left\">ledinoleo</td><td align=\"right\">Mountainman46</tr><tr><td align=\"left\"><i class=\"fa fa-circle-o\"></i> <i class=\"fa fa-circle-o\"></i> </td><td align=\"right\"><i class=\"fa fa-circle-o\"></i> <i class=\"fa fa-circle-o\"></i> </tr></table>\n|uhtml|bestof|<h2><strong>Game 1</strong> of <a href=\"/game-bestof3-gen9vgc2025regibo3-2354384240\">a best-of-3</a></h2>\n|t:|1746064729\n|gametype|doubles\n|player|p1|ledinoleo|265|\n|player|p2|Mountainman46|102|\n|teamsize|p1|6\n|teamsize|p2|6\n|gen|9\n|tier|[Gen 9] VGC 2025 Reg I (Bo3)\n|rule|Species Clause: Limit one of each Pok\u00e9mon\n|rule|Item Clause: Limit 1 of each item\n|clearpoke\n|poke|p1|Groudon, L50|\n|poke|p1|Miraidon, L50|\n|poke|p1|Farigiraf, L50, F|\n|poke|p1|Iron Hands, L50|\n|poke|p1|Ogerpon-Hearthflame, L50, F|\n|poke|p1|Iron Valiant, L50|\n|poke|p2|Koraidon, L50|\n|poke|p2|Calyrex-Shadow, L50|\n|poke|p2|Rillaboom, L50, F|\n|poke|p2|Flutter Mane, L50|\n|poke|p2|Chi-Yu, L50|\n|poke|p2|Brute Bonnet, L50|\n|teampreview|4\n|showteam|p1|Groudon||ClearAmulet|Drought|PrecipiceBlades,HeatCrash,HighHorsepower,Protect||||||50|,,,,,Fire]Miraidon||ChoiceSpecs|HadronEngine|ElectroDrift,DracoMeteor,VoltSwitch,Discharge||||||50|,,,,,Electric]Farigiraf||ElectricSeed|ArmorTail|Psychic,FoulPlay,TrickRoom,HelpingHand|||F|||50|,,,,,Ground]Iron Hands||AssaultVest|QuarkDrive|DrainPunch,WildCharge,FakeOut,LowKick||||||50|,,,,,Water]Ogerpon-Hearthflame||HearthflameMask|MoldBreaker|IvyCudgel,WoodHammer,FollowMe,SpikyShield|||F|||50|,,,,,Fire]Iron Valiant||CovertCloak|QuarkDrive|SpiritBreak,WideGuard,Coaching,IcyWind||||||50|,,,,,Dark\n|showteam|p2|Koraidon||LifeOrb|OrichalcumPulse|FlareBlitz,CloseCombat,Protect,FlameCharge||||||50|,,,,,Fire]Calyrex-Shadow||SpellTag|AsOneSpectrier|AstralBarrage,Psychic,Protect,NastyPlot||||||50|,,,,,Fairy]Rillaboom||AssaultVest|GrassySurge|GrassyGlide,FakeOut,WoodHammer,Uturn|||F|||50|,,,,,Fire]Flutter Mane||FocusSash|Protosynthesis|IcyWind,Moonblast,ShadowBall,Protect||||||50|,,,,,Normal]Chi-Yu||ChoiceScarf|BeadsofRuin|Overheat,HeatWave,DarkPulse,Snarl||||||50|,,,,,Fire]Brute Bonnet||CovertCloak|Protosynthesis|Spore,RagePowder,SuckerPunch,SeedBomb||||||50|,,,,,Water\n|c|\u2606ledinoleo|glhf!!\n|c|\u2606Mountainman46|Glhf!\n|\n|t:|1746064814\n|start\n|switch|p1a: Miraidon|Miraidon, L50|100/100\n|switch|p1b: Farigiraf|Farigiraf, L50, F|100/100\n|switch|p2a: Koraidon|Koraidon, L50|100/100\n|switch|p2b: Flutter Mane|Flutter Mane, L50|100/100\n|-weather|SunnyDay|[from] ability: Orichalcum Pulse|[of] p2a: Koraidon\n|-activate|p2b: Flutter Mane|ability: Protosynthesis\n|-start|p2b: Flutter Mane|protosynthesisspe\n|-activate|p2a: Koraidon|Orichalcum Pulse|[source]\n|-fieldstart|move: Electric Terrain|[from] ability: Hadron Engine|[of] p1a: Miraidon\n|-enditem|p1b: Farigiraf|Electric Seed\n|-boost|p1b: Farigiraf|def|1|[from] item: Electric Seed\n|turn|1\n|\n|t:|1746064866\n|switch|p1a: Groudon|Groudon, L50|100/100\n|move|p2b: Flutter Mane|Protect|p2b: Flutter Mane\n|-singleturn|p2b: Flutter Mane|Protect\n|move|p2a: Koraidon|Protect|p2a: Koraidon\n|-singleturn|p2a: Koraidon|Protect\n|move|p1b: Farigiraf|Trick Room|p1b: Farigiraf\n|-fieldstart|move: Trick Room|[of] p1b: Farigiraf\n|\n|-weather|SunnyDay|[upkeep]\n|upkeep\n|turn|2\n|\n|t:|1746064901\n|switch|p2a: Rillaboom|Rillaboom, L50, F|100/100\n|-fieldstart|move: Grassy Terrain|[from] ability: Grassy Surge|[of] p2a: Rillaboom\n|move|p1b: Farigiraf|Psychic|p2b: Flutter Mane\n|-damage|p2b: Flutter Mane|64/100\n|move|p1a: Groudon|Heat Crash|p2b: Flutter Mane\n|-damage|p2b: Flutter Mane|0 fnt\n|faint|p2b: Flutter Mane\n|-end|p2b: Flutter Mane|Protosynthesis|[silent]\n|\n|-weather|SunnyDay|[upkeep]\n|upkeep\n|\n|t:|1746064920\n|switch|p2b: Koraidon|Koraidon, L50|100/100\n|-activate|p2b: Koraidon|ability: Orichalcum Pulse\n|turn|3\n|\n|t:|1746064959\n|-terastallize|p2b: Koraidon|Fire\n|move|p1b: Farigiraf|Psychic|p2b: Koraidon\n|-damage|p2b: Koraidon|64/100\n|move|p2a: Rillaboom|Wood Hammer|p1a: Groudon\n|-supereffective|p1a: Groudon\n|-damage|p1a: Groudon|1/100\n|-damage|p2a: Rillaboom|69/100|[from] Recoil\n|move|p1a: Groudon|Heat Crash|p2a: Rillaboom\n|-supereffective|p2a: Rillaboom\n|-damage|p2a: Rillaboom|0 fnt\n|faint|p2a: Rillaboom\n|move|p2b: Koraidon|Close Combat|p1a: Groudon\n|-damage|p1a: Groudon|0 fnt\n|-unboost|p2b: Koraidon|def|1\n|-unboost|p2b: Koraidon|spd|1\n|faint|p1a: Groudon\n|-damage|p2b: Koraidon|55/100|[from] item: Life Orb\n|\n|-weather|SunnyDay|[upkeep]\n|-heal|p2b: Koraidon|60/100|[from] Grassy Terrain\n|upkeep\n|\n|t:|1746064981\n|switch|p2a: Calyrex|Calyrex-Shadow, L50|100/100\n|switch|p1a: Miraidon|Miraidon, L50|100/100\n|-ability|p2a: Calyrex|As One\n|-ability|p2a: Calyrex|Unnerve\n|-fieldstart|move: Electric Terrain|[from] ability: Hadron Engine|[of] p1a: Miraidon\n|turn|4\n|\n|t:|1746065004\n|-terastallize|p1b: Farigiraf|Ground\n|move|p1b: Farigiraf|Helping Hand|p1a: Miraidon\n|-singleturn|p1a: Miraidon|Helping Hand|[of] p1b: Farigiraf\n|move|p1a: Miraidon|Discharge|p2a: Calyrex|[spread] p2a,p2b\n|-immune|p1b: Farigiraf\n|-damage|p2a: Calyrex|0 fnt\n|-damage|p2b: Koraidon|0 fnt\n|faint|p2a: Calyrex\n|faint|p2b: Koraidon\n|\n|win|ledinoleo\n|inactive|ledinoleo has 30 seconds to confirm battle start!\n|inactive|Mountainman46 has 30 seconds to confirm battle start!\n||ledinoleo is ready for game 2.\n||Mountainman46 is ready for game 2.\n|uhtml|next|Next: <a href=\"/battle-gen9vgc2025regibo3-2354386627\"><strong>Game 2 of 3</strong></a>\n|l|\u2606Mountainman46\n|player|p2|\n", "uploadtime": 1746065602, "views": 17, "formatid": "gen9vgc2025regibo3", "rating": null, "private": 0, "password": null}