{"id": "gen9vgc2025regibo3-2353538249", "format": "[Gen 9] VGC 2025 Reg I (Bo3)", "players": ["Titi96", "databull"], "log": "|j|\u2606Titi96\n|j|\u2606databull\n|html|<table width=\"100%\"><tr><td align=\"left\">Titi96</td><td align=\"right\">databull</tr><tr><td align=\"left\"><i class=\"fa fa-circle-o\"></i> <i class=\"fa fa-circle-o\"></i> </td><td align=\"right\"><i class=\"fa fa-circle-o\"></i> <i class=\"fa fa-circle\"></i> </tr></table>\n|uhtml|bestof|<h2><strong>Game 2</strong> of <a href=\"/game-bestof3-gen9vgc2025regibo3-2353535343\">a best-of-3</a></h2>\n|t:|1745965875\n|gametype|doubles\n|player|p1|Titi96|caitlin|1113\n|player|p2|databull|skierf|1032\n|teamsize|p1|6\n|teamsize|p2|6\n|gen|9\n|tier|[Gen 9] VGC 2025 Reg I (Bo3)\n|rated|\n|rule|Species Clause: Limit one of each Pok\u00e9mon\n|rule|Item Clause: Limit 1 of each item\n|clearpoke\n|poke|p1|Miraidon, L50|\n|poke|p1|Incineroar, L50, F|\n|poke|p1|Urshifu-*, L50, F|\n|poke|p1|Tornadus, L50, M|\n|poke|p1|Farigiraf, L50, M|\n|poke|p1|Terapagos, L50, M|\n|poke|p2|Koraidon, L50|\n|poke|p2|Ogerpon-Cornerstone, L50, F|\n|poke|p2|Flutter Mane, L50|\n|poke|p2|Terapagos, L50, M|\n|poke|p2|Rillaboom, L50, M|\n|poke|p2|Incineroar, L50, F|\n|teampreview|4\n|showteam|p1|Miraidon||LifeOrb|HadronEngine|VoltSwitch,DracoMeteor,DazzlingGleam,ElectroDrift||||||50|,,,,,Electric]Incineroar||SafetyGoggles|Intimidate|FlareBlitz,KnockOff,FakeOut,PartingShot|||F|||50|,,,,,Grass]Urshifu-Rapid-Strike||MysticWater|UnseenFist|AquaJet,SurgingStrikes,Detect,CloseCombat|||F|||50|,,,,,Water]Tornadus||SitrusBerry|Prankster|Taunt,Tailwind,RainDance,BleakwindStorm|||M|||50|,,,,,Steel]Farigiraf||ElectricSeed|ArmorTail|HyperVoice,TrickRoom,FoulPlay,RainDance|||M|||50|,,,,,Normal]Terapagos||Leftovers|TeraShift|TeraStarstorm,FlashCannon,Protect,CalmMind|||M|||50|,,,,,Stellar\n|showteam|p2|Koraidon||LifeOrb|OrichalcumPulse|FlareBlitz,CloseCombat,FlameCharge,Protect||||||50|,,,,,Fire]Ogerpon-Cornerstone||CornerstoneMask|Sturdy|IvyCudgel,PowerWhip,FollowMe,SpikyShield|||F|||50|,,,,,Rock]Flutter Mane||FocusSash|Protosynthesis|Moonblast,IcyWind,ShadowBall,Protect||||||50|,,,,,Normal]Terapagos||Leftovers|TeraShift|TeraStarstorm,EarthPower,CalmMind,Protect|||M|||50|,,,,,Stellar]Rillaboom||AssaultVest|GrassySurge|WoodHammer,GrassyGlide,Uturn,FakeOut|||M|||50|,,,,,Grass]Incineroar||RockyHelmet|Intimidate|KnockOff,FakeOut,WillOWisp,PartingShot|||F|||50|,,,,,Poison\n|inactive|Battle timer is ON: inactive players will automatically lose when time's up. (requested by Titi96)\n|inactive|databull has 60 seconds left.\n|\n|t:|1745965906\n|start\n|switch|p1a: Miraidon|Miraidon, L50|100/100\n|switch|p1b: Farigiraf|Farigiraf, L50, M|100/100\n|switch|p2a: Koraidon|Koraidon, L50|100/100\n|switch|p2b: Flutter Mane|Flutter Mane, L50|100/100\n|-fieldstart|move: Electric Terrain|[from] ability: Hadron Engine|[of] p1a: Miraidon\n|-enditem|p1b: Farigiraf|Electric Seed\n|-boost|p1b: Farigiraf|def|1|[from] item: Electric Seed\n|-weather|SunnyDay|[from] ability: Orichalcum Pulse|[of] p2a: Koraidon\n|-activate|p2b: Flutter Mane|ability: Protosynthesis\n|-start|p2b: Flutter Mane|protosynthesisspe\n|-activate|p2a: Koraidon|Orichalcum Pulse|[source]\n|turn|1\n|inactive|Titi96 has 30 seconds left.\n|\n|t:|1745965936\n|-terastallize|p2a: Koraidon|Fire\n|-terastallize|p1a: Miraidon|Electric\n|move|p2b: Flutter Mane|Moonblast|p1a: Miraidon\n|-damage|p1a: Miraidon|57/100\n|move|p2a: Koraidon|Flare Blitz|p1b: Farigiraf\n|-damage|p1b: Farigiraf|0 fnt\n|faint|p1b: Farigiraf\n|-damage|p2a: Koraidon|58/100|[from] Recoil\n|-damage|p2a: Koraidon|48/100|[from] item: Life Orb\n|move|p1a: Miraidon|Draco Meteor|p2a: Koraidon\n|-damage|p2a: Koraidon|0 fnt\n|-unboost|p1a: Miraidon|spa|2\n|faint|p2a: Koraidon\n|-damage|p1a: Miraidon|47/100|[from] item: Life Orb\n|\n|-weather|SunnyDay|[upkeep]\n|upkeep\n|\n|t:|1745965953\n|switch|p2a: Ogerpon|Ogerpon-Cornerstone, L50, F|100/100\n|switch|p1b: Urshifu|Urshifu-Rapid-Strike, L50, F|100/100\n|turn|2\n|\n|t:|1745965965\n|move|p2a: Ogerpon|Follow Me|p2a: Ogerpon\n|-singleturn|p2a: Ogerpon|move: Follow Me\n|move|p2b: Flutter Mane|Moonblast|p1b: Urshifu\n|-supereffective|p1b: Urshifu\n|-damage|p1b: Urshifu|0 fnt\n|faint|p1b: Urshifu\n|move|p1a: Miraidon|Dazzling Gleam|p2a: Ogerpon|[spread] p2a,p2b\n|-damage|p2a: Ogerpon|78/100\n|-damage|p2b: Flutter Mane|80/100\n|-damage|p1a: Miraidon|38/100|[from] item: Life Orb\n|\n|-weather|SunnyDay|[upkeep]\n|upkeep\n|-message|Titi96 forfeited.\n|raw|Titi96's rating: 1113 &rarr; <strong>1082</strong><br />(-31 for losing)\n|raw|databull's rating: 1032 &rarr; <strong>1075</strong><br />(+43 for winning)\n|\n|win|databull\n|l|\u2606Titi96\n|player|p1|\n", "uploadtime": 1745965987, "views": 21, "formatid": "gen9vgc2025regibo3", "rating": 1075, "private": 0, "password": null}