{"id": "gen9vgc2025regibo3-2354463211", "format": "[Gen 9] VGC 2025 Reg I (Bo3)", "players": ["sergio23perez", "Redrog1"], "log": "|j|\u2606sergio23perez\n|j|\u2606Redrog1\n|html|<table width=\"100%\"><tr><td align=\"left\">sergio23perez</td><td align=\"right\">Redrog1</tr><tr><td align=\"left\"><i class=\"fa fa-circle-o\"></i> <i class=\"fa fa-circle-o\"></i> </td><td align=\"right\"><i class=\"fa fa-circle-o\"></i> <i class=\"fa fa-circle-o\"></i> </tr></table>\n|uhtml|bestof|<h2><strong>Game 1</strong> of <a href=\"/game-bestof3-gen9vgc2025regibo3-2354463210\">a best-of-3</a></h2>\n|t:|1746075513\n|gametype|doubles\n|player|p1|sergio23perez|2|1231\n|player|p2|Redrog1|dancer|1100\n|teamsize|p1|6\n|teamsize|p2|6\n|gen|9\n|tier|[Gen 9] VGC 2025 Reg I (Bo3)\n|rated|\n|rule|Species Clause: Limit one of each Pok\u00e9mon\n|rule|Item Clause: Limit 1 of each item\n|clearpoke\n|poke|p1|Miraidon, L50|\n|poke|p1|Ho-Oh, L50|\n|poke|p1|Urshifu-*, L50, F|\n|poke|p1|Iron Hands, L50|\n|poke|p1|Iron Treads, L50|\n|poke|p1|Farigiraf, L50, M|\n|poke|p2|Pawmot, L50, F|\n|poke|p2|Calyrex-Ice, L50|\n|poke|p2|Miraidon, L50|\n|poke|p2|Incineroar, L50, M|\n|poke|p2|Whimsicott, L50, F|\n|poke|p2|Gastrodon-East, L50, F|\n|teampreview|4\n|showteam|p1|Miraidon||ChoiceSpecs|HadronEngine|DazzlingGleam,ElectroDrift,DracoMeteor,VoltSwitch||||||50|,,,,,Fairy]Ho-Oh||ClearAmulet|Regenerator|Tailwind,Protect,SacredFire,BraveBird||||||50|,,,,,Grass]Urshifu-Rapid-Strike||ChoiceScarf|UnseenFist|AquaJet,CloseCombat,Uturn,SurgingStrikes|||F|||50|,,,,,Water]Iron Hands||AssaultVest|QuarkDrive|WildCharge,LowKick,HeavySlam,FakeOut||||||50|,,,,,Poison]Iron Treads||ChoiceBand|QuarkDrive|HighHorsepower,IronHead,SteelRoller,RockSlide||||||50|,,,,,Ghost]Farigiraf||ElectricSeed|ArmorTail|Psychic,Roar,TrickRoom,HelpingHand|||M|||50|,,,,,Water\n|showteam|p2|Pawmot||FocusSash|VoltAbsorb|FakeOut,Protect,Electroweb,Nuzzle|||F|||50|,,,,,Water]Calyrex-Ice||ClearAmulet|AsOneGlastrier|GlacialLance,Protect,HighHorsepower,TrickRoom||||||50|,,,,,Ground]Miraidon||ChoiceSpecs|HadronEngine|ElectroDrift,DazzlingGleam,Overheat,VoltSwitch||||||50|,,,,,Fairy]Incineroar||RockyHelmet|Intimidate|Snarl,FlareBlitz,FakeOut,PartingShot|||M|||50|,,,,,Grass]Whimsicott||CovertCloak|Prankster|Tailwind,Taunt,DazzlingGleam,LightScreen|||F|||50|,,,,,Dark]Gastrodon-East||Leftovers|StormDrain|MuddyWater,Protect,ClearSmog,EarthPower|||F|||50|,,,,,Fire\n|inactive|Battle timer is ON: inactive players will automatically lose when time's up. (requested by sergio23perez)\n|inactive|sergio23perez has 60 seconds left.\n|inactive|Redrog1 has 60 seconds left.\n|\n|t:|1746075560\n|start\n|switch|p1a: Miraidon|Miraidon, L50|100/100\n|switch|p1b: Urshifu|Urshifu-Rapid-Strike, L50, F|100/100\n|switch|p2a: Pawmot|Pawmot, L50, F|100/100\n|switch|p2b: Miraidon|Miraidon, L50|100/100\n|-fieldstart|move: Electric Terrain|[from] ability: Hadron Engine|[of] p2b: Miraidon\n|-activate|p1a: Miraidon|ability: Hadron Engine\n|turn|1\n|inactive|Redrog1 has 30 seconds left.\n|\n|t:|1746075590\n|switch|p1a: mythicdreamr|Farigiraf, L50, M, shiny|100/100\n|-enditem|p1a: mythicdreamr|Electric Seed\n|-boost|p1a: mythicdreamr|def|1|[from] item: Electric Seed\n|switch|p2a: Gastrodon|Gastrodon-East, L50, F|100/100\n|-terastallize|p2b: Miraidon|Fairy\n|move|p1b: Urshifu|Surging Strikes|p2a: Gastrodon\n|-ability|p2a: Gastrodon|Storm Drain|boost\n|-boost|p2a: Gastrodon|spa|1\n|move|p2b: Miraidon|Dazzling Gleam|p1a: mythicdreamr|[spread] p1a,p1b\n|-supereffective|p1b: Urshifu\n|-damage|p1a: mythicdreamr|38/100\n|-damage|p1b: Urshifu|0 fnt\n|faint|p1b: Urshifu\n|\n|upkeep\n|\n|t:|1746075610\n|switch|p1b: Miraidon|Miraidon, L50|100/100\n|-activate|p1b: Miraidon|ability: Hadron Engine\n|turn|2\n|\n|t:|1746075616\n|switch|p2b: Pawmot|Pawmot, L50, F|100/100\n|-terastallize|p1b: Miraidon|Fairy\n|move|p1a: mythicdreamr|Helping Hand|p1b: Miraidon\n|-singleturn|p1b: Miraidon|Helping Hand|[of] p1a: mythicdreamr\n|move|p1b: Miraidon|Dazzling Gleam|p2a: Gastrodon|[spread] p2a,p2b\n|-supereffective|p2b: Pawmot\n|-damage|p2a: Gastrodon|24/100\n|-enditem|p2b: Pawmot|Focus Sash\n|-damage|p2b: Pawmot|1/100\n|move|p2a: Gastrodon|Earth Power|p1b: Miraidon\n|-damage|p1b: Miraidon|60/100\n|\n|-heal|p2a: Gastrodon|30/100|[from] item: Leftovers\n|upkeep\n|turn|3\n|inactive|Redrog1 has 30 seconds left.\n|\n|t:|1746075644\n|switch|p1a: crimsonracer|Iron Treads, L50, shiny|100/100\n|-activate|p1a: crimsonracer|ability: Quark Drive\n|-start|p1a: crimsonracer|quarkdrivespe\n|move|p2a: Gastrodon|Protect|p2a: Gastrodon\n|-singleturn|p2a: Gastrodon|Protect\n|move|p1b: Miraidon|Dazzling Gleam|p2b: Pawmot|[spread] p2b\n|-activate|p2a: Gastrodon|move: Protect\n|-supereffective|p2b: Pawmot\n|-damage|p2b: Pawmot|0 fnt\n|faint|p2b: Pawmot\n|\n|-heal|p2a: Gastrodon|36/100|[from] item: Leftovers\n|upkeep\n|\n|t:|1746075651\n|switch|p2b: Miraidon|Miraidon, L50, tera:Fairy|100/100\n|-activate|p2b: Miraidon|ability: Hadron Engine\n|turn|4\n|\n|t:|1746075660\n|move|p1a: crimsonracer|Iron Head|p2b: Miraidon\n|-supereffective|p2b: Miraidon\n|-damage|p2b: Miraidon|0 fnt\n|faint|p2b: Miraidon\n|move|p1b: Miraidon|Dazzling Gleam|p2a: Gastrodon\n|-damage|p2a: Gastrodon|0 fnt\n|faint|p2a: Gastrodon\n|\n|upkeep\n|-message|Redrog1 forfeited.\n|\n|win|sergio23perez\n|l|\u2606Redrog1\n|player|p2|\n||Redrog1 is ready for game 2.\n||sergio23perez is ready for game 2.\n|uhtml|next|Next: <a href=\"/battle-gen9vgc2025regibo3-2354464121\"><strong>Game 2 of 3</strong></a>\n", "uploadtime": 1746076057, "views": 7, "formatid": "gen9vgc2025regibo3", "rating": null, "private": 0, "password": null}