{"id": "gen9vgc2025regibo3-2353749137", "format": "[Gen 9] VGC 2025 Reg I (Bo3)", "players": ["aaronfriend", "Ziopppeppe"], "log": "|j|\u2606aaronfriend\n|j|\u2606Ziopppeppe\n|html|<table width=\"100%\"><tr><td align=\"left\">aaronfriend</td><td align=\"right\">Ziopppeppe</tr><tr><td align=\"left\"><i class=\"fa fa-circle-o\"></i> <i class=\"fa fa-circle-o\"></i> </td><td align=\"right\"><i class=\"fa fa-circle-o\"></i> <i class=\"fa fa-circle-o\"></i> </tr></table>\n|uhtml|bestof|<h2><strong>Game 1</strong> of <a href=\"/game-bestof3-gen9vgc2025regibo3-2353749136\">a best-of-3</a></h2>\n|t:|1745993397\n|gametype|doubles\n|player|p1|aaronfriend|1|1157\n|player|p2|Ziopppeppe|266|1284\n|teamsize|p1|6\n|teamsize|p2|6\n|gen|9\n|tier|[Gen 9] VGC 2025 Reg I (Bo3)\n|rated|\n|rule|Species Clause: Limit one of each Pok\u00e9mon\n|rule|Item Clause: Limit 1 of each item\n|clearpoke\n|poke|p1|Miraidon, L50|\n|poke|p1|Whimsicott, L50, M|\n|poke|p1|Farigiraf, L50, M|\n|poke|p1|Iron Hands, L50|\n|poke|p1|Calyrex-Shadow, L50|\n|poke|p1|Chi-Yu, L50|\n|poke|p2|Calyrex-Shadow, L50|\n|poke|p2|Koraidon, L50|\n|poke|p2|Brute Bonnet, L50|\n|poke|p2|Typhlosion-Hisui, L50, F|\n|poke|p2|Incineroar, L50, M|\n|poke|p2|Rillaboom, L50, F|\n|teampreview|4\n|showteam|p1|Miraidon||ChoiceSpecs|HadronEngine|ElectroDrift,DracoMeteor,VoltSwitch,DazzlingGleam||||||50|,,,,,Fairy]Whimsicott||CovertCloak|Prankster|Tailwind,Encore,LightScreen,Moonblast|||M|||50|,,,,,Dark]Farigiraf||ElectricSeed|ArmorTail|Psychic,FoulPlay,HelpingHand,TrickRoom|||M|||50|,,,,,Dark]Iron Hands||AssaultVest|QuarkDrive|LowKick,DrainPunch,WildCharge,FakeOut||||||50|,,,,,Water]Calyrex-Shadow||FocusSash|AsOneSpectrier|AstralBarrage,ExpandingForce,PollenPuff,Protect||||||50|,,,,,Ghost]Chi-Yu||ChoiceScarf|BeadsofRuin|Snarl,Overheat,DarkPulse,HeatWave||||||50|,,,,,Ghost\n|showteam|p2|Calyrex-Shadow||FocusSash|AsOneSpectrier|AstralBarrage,Protect,NastyPlot,TeraBlast||||||50|,,,,,Water]Koraidon||ClearAmulet|OrichalcumPulse|FlareBlitz,CollisionCourse,Protect,FlameCharge||||||50|,,,,,Fire]Brute Bonnet||CovertCloak|Protosynthesis|SuckerPunch,Spore,Protect,RagePowder||||||50|,,,,,Water]Typhlosion-Hisui||ChoiceScarf|Blaze|Eruption,ShadowBall,HeatWave,Overheat|||F|||50|,,,,,Fire]Incineroar||SafetyGoggles|Intimidate|FakeOut,WillOWisp,PartingShot,KnockOff|||M|||50|,,,,,Bug]Rillaboom||AssaultVest|GrassySurge|FakeOut,WoodHammer,GrassyGlide,Uturn|||F|||50|,,,,,Fire\n|inactive|Battle timer is ON: inactive players will automatically lose when time's up. (requested by Ziopppeppe)\n|inactive|aaronfriend has 60 seconds left.\n|\n|t:|1745993452\n|start\n|switch|p1a: Whimsicott|Whimsicott, L50, M|100/100\n|switch|p1b: Miraidon|Miraidon, L50|100/100\n|switch|p2a: Rillaboom|Rillaboom, L50, F|100/100\n|switch|p2b: Koraidon|Koraidon, L50|100/100\n|-weather|SunnyDay|[from] ability: Orichalcum Pulse|[of] p2b: Koraidon\n|-activate|p2b: Koraidon|Orichalcum Pulse|[source]\n|-fieldstart|move: Electric Terrain|[from] ability: Hadron Engine|[of] p1b: Miraidon\n|-fieldstart|move: Grassy Terrain|[from] ability: Grassy Surge|[of] p2a: Rillaboom\n|turn|1\n|inactive|aaronfriend has 30 seconds left.\n|inactive|Ziopppeppe has 30 seconds left.\n|inactive|aaronfriend has 20 seconds left.\n|inactive|Ziopppeppe has 20 seconds left.\n|inactive|aaronfriend has 15 seconds left.\n|inactive|aaronfriend has 10 seconds left.\n|inactive|aaronfriend has 5 seconds left.\n|\n|t:|1745993507\n|-terastallize|p2b: Koraidon|Fire\n|move|p1a: Whimsicott|Tailwind|p1a: Whimsicott\n|-sidestart|p1: aaronfriend|move: Tailwind\n|move|p1b: Miraidon|Electro Drift|p2a: Rillaboom\n|-resisted|p2a: Rillaboom\n|-damage|p2a: Rillaboom|70/100\n|move|p2b: Koraidon|Flame Charge|p1a: Whimsicott\n|-supereffective|p1a: Whimsicott\n|-damage|p1a: Whimsicott|0 fnt\n|-boost|p2b: Koraidon|spe|1\n|faint|p1a: Whimsicott\n|move|p2a: Rillaboom|U-turn|p1b: Miraidon\n|-damage|p1b: Miraidon|75/100\n|\n|t:|1745993530\n|switch|p2a: Brute Bonnet|Brute Bonnet, L50|100/100|[from] U-turn\n|-activate|p2a: Brute Bonnet|ability: Protosynthesis\n|-start|p2a: Brute Bonnet|protosynthesisatk\n|\n|-weather|SunnyDay|[upkeep]\n|-heal|p1b: Miraidon|82/100|[from] Grassy Terrain\n|upkeep\n|\n|t:|1745993536\n|switch|p1a: Calyrex|Calyrex-Shadow, L50|100/100\n|-ability|p1a: Calyrex|As One\n|-ability|p1a: Calyrex|Unnerve\n|turn|2\n|\n|t:|1745993561\n|move|p1a: Calyrex|Pollen Puff|p2a: Brute Bonnet\n|-supereffective|p2a: Brute Bonnet\n|-damage|p2a: Brute Bonnet|0 fnt\n|faint|p2a: Brute Bonnet\n|-end|p2a: Brute Bonnet|Protosynthesis|[silent]\n|-ability|p1a: Calyrex|Grim Neigh|boost\n|-boost|p1a: Calyrex|spa|1\n|move|p1b: Miraidon|Electro Drift|p2b: Koraidon\n|-crit|p2b: Koraidon\n|-damage|p2b: Koraidon|0 fnt\n|faint|p2b: Koraidon\n|\n|-weather|SunnyDay|[upkeep]\n|-heal|p1b: Miraidon|88/100|[from] Grassy Terrain\n|upkeep\n|\n|t:|1745993569\n|switch|p2b: Rillaboom|Rillaboom, L50, F|70/100\n|switch|p2a: Calyrex|Calyrex-Shadow, L50|100/100\n|-ability|p2a: Calyrex|As One\n|-ability|p2a: Calyrex|Unnerve\n|turn|3\n|inactive|aaronfriend has 30 seconds left.\n|\n|t:|1745993601\n|switch|p1b: Chi-Yu|Chi-Yu, L50|100/100\n|-ability|p1b: Chi-Yu|Beads of Ruin\n|move|p1a: Calyrex|Protect|p1a: Calyrex\n|-singleturn|p1a: Calyrex|Protect\n|move|p2b: Rillaboom|Fake Out|p1b: Chi-Yu\n|-damage|p1b: Chi-Yu|75/100\n|move|p2a: Calyrex|Astral Barrage|p1a: Calyrex|[spread] p1b\n|-activate|p1a: Calyrex|move: Protect\n|-resisted|p1b: Chi-Yu\n|-damage|p1b: Chi-Yu|46/100\n|\n|-weather|SunnyDay|[upkeep]\n|-heal|p1b: Chi-Yu|52/100|[from] Grassy Terrain\n|-heal|p2b: Rillaboom|76/100|[from] Grassy Terrain\n|upkeep\n|turn|4\n|inactive|aaronfriend has 30 seconds left.\n|inactive|Ziopppeppe has 30 seconds left.\n|-message|Ziopppeppe forfeited.\n|\n|win|aaronfriend\n|l|\u2606Ziopppeppe\n|player|p2|\n||Ziopppeppe is ready for game 2.\n||aaronfriend is ready for game 2.\n|uhtml|next|Next: <a href=\"/battle-gen9vgc2025regibo3-2353750389\"><strong>Game 2 of 3</strong></a>\n|l|\u2606aaronfriend\n|player|p1|\n", "uploadtime": 1745993949, "views": 6, "formatid": "gen9vgc2025regibo3", "rating": null, "private": 0, "password": null}