{"id": "gen9vgc2025regibo3-2354772099", "format": "[Gen 9] VGC 2025 Reg I (Bo3)", "players": ["MrBlubbyBoi", "cw048371"], "log": "|j|\u2606MrBlubbyBoi\n|j|\u2606cw048371\n|html|<table width=\"100%\"><tr><td align=\"left\">MrBlubbyBoi</td><td align=\"right\">cw048371</tr><tr><td align=\"left\"><i class=\"fa fa-circle-o\"></i> <i class=\"fa fa-circle-o\"></i> </td><td align=\"right\"><i class=\"fa fa-circle-o\"></i> <i class=\"fa fa-circle-o\"></i> </tr></table>\n|uhtml|bestof|<h2><strong>Game 1</strong> of <a href=\"/game-bestof3-gen9vgc2025regibo3-2354772095\">a best-of-3</a></h2>\n|t:|1746118414\n|gametype|doubles\n|player|p1|MrBlubbyBoi|266|1062\n|player|p2|cw048371|266|1028\n|teamsize|p1|6\n|teamsize|p2|4\n|gen|9\n|tier|[Gen 9] VGC 2025 Reg I (Bo3)\n|rated|\n|rule|Species Clause: Limit one of each Pok\u00e9mon\n|rule|Item Clause: Limit 1 of each item\n|clearpoke\n|poke|p1|Tyranitar, L50, M|\n|poke|p1|Landorus, L50, M|\n|poke|p1|Lugia, L50|\n|poke|p1|Zamazenta-*, L50|\n|poke|p1|Urshifu-*, L50, F|\n|poke|p1|Rillaboom, L50, F|\n|poke|p2|Muk-Alola, L50, M|\n|poke|p2|Archaludon, L50, F|\n|poke|p2|Alomomola, L50, F|\n|poke|p2|Klawf, L50, F|\n|teampreview|4\n|showteam|p1|Tyranitar||AssaultVest|SandStream|Snarl,BreakingSwipe,KnockOff,StoneEdge|||M|||50|,,,,,Fairy]Landorus||LifeOrb|SheerForce|SludgeBomb,EarthPower,SandsearStorm,Protect|||M|||50|,,,,,Steel]Lugia||Leftovers|Multiscale|Psychic,Aeroblast,Protect,CalmMind||||||50|,,,,,Fairy]Zamazenta-Crowned||RustedShield|DauntlessShield|WideGuard,IronDefense,BodyPress,behemothbash||||||50|,,,,,Flying]Urshifu-Rapid-Strike||ChoiceBand|UnseenFist|AquaJet,SurgingStrikes,Uturn,CloseCombat|||F|||50|,,,,,Water]Rillaboom||CovertCloak|GrassySurge|FakeOut,GrassyGlide,DrumBeating,Protect|||F|||50|,,,,,Grass\n|showteam|p2|Muk-Alola||ExpertBelt|PowerofAlchemy|PainSplit,Toxic,Minimize,Rest|||M|||50|,,,,,Flying]Archaludon||RockyHelmet|Stamina|SwordsDance,FocusEnergy,BodyPress,IronDefense|||F|||50|,,,,,Fairy]Alomomola||EjectButton|Healer|Wish,HelpingHand,AquaRing,Whirlpool|||F|||50|,,,,,Ground]Klawf||ToxicOrb|ShellArmor|Thief,BrickBreak,HelpingHand,Fling|||F|||50|,,,,,Steel\n|inactive|Battle timer is ON: inactive players will automatically lose when time's up. (requested by cw048371)\n|\n|t:|1746118476\n|start\n|switch|p1a: Tyranitar|Tyranitar, L50, M|100/100\n|switch|p1b: Landorus|Landorus, L50, M|100/100\n|switch|p2a: Muk|Muk-Alola, L50, M|100/100\n|switch|p2b: Klawf|Klawf, L50, F|100/100\n|-weather|Sandstorm|[from] ability: Sand Stream|[of] p1a: Tyranitar\n|turn|1\n|inactiveoff|Battle timer is now OFF.\n|\n|t:|1746118502\n|-terastallize|p2a: Muk|Flying\n|move|p1b: Landorus|Sandsear Storm|p2a: Muk|[spread] p2b\n|-immune|p2a: Muk\n|-supereffective|p2b: Klawf\n|-damage|p2b: Klawf|0 fnt\n|faint|p2b: Klawf\n|-ability|p2a: Muk|Shell Armor|[from] ability: Power of Alchemy|[of] p2b: Klawf\n|move|p1a: Tyranitar|Knock Off|p2a: Muk\n|-damage|p2a: Muk|55/100\n|-enditem|p2a: Muk|Expert Belt|[from] move: Knock Off|[of] p1a: Tyranitar\n|move|p2a: Muk|Minimize|p2a: Muk\n|-boost|p2a: Muk|evasion|2\n|\n|-weather|Sandstorm|[upkeep]\n|-damage|p2a: Muk|49/100|[from] Sandstorm\n|upkeep\n|\n|t:|1746118525\n|switch|p2b: Archaludon|Archaludon, L50, F|100/100\n|turn|2\n|\n|t:|1746118562\n|-terastallize|p1a: Tyranitar|Fairy\n|move|p1b: Landorus|Sandsear Storm|p2b: Archaludon|[spread] \n|-immune|p2a: Muk\n|-miss|p1b: Landorus|p2b: Archaludon\n|move|p2b: Archaludon|Iron Defense|p2b: Archaludon\n|-boost|p2b: Archaludon|def|2\n|move|p1a: Tyranitar|Stone Edge|p2a: Muk\n|-supereffective|p2a: Muk\n|-damage|p2a: Muk|0 fnt\n|faint|p2a: Muk\n|\n|-weather|Sandstorm|[upkeep]\n|-damage|p1a: Tyranitar|95/100|[from] Sandstorm\n|upkeep\n|\n|t:|1746118577\n|switch|p2a: Alomomola|Alomomola, L50, F|100/100\n|turn|3\n|\n|t:|1746118599\n|move|p2a: Alomomola|Helping Hand|p2b: Archaludon\n|-singleturn|p2b: Archaludon|Helping Hand|[of] p2a: Alomomola\n|move|p1b: Landorus|Sandsear Storm|p2a: Alomomola|[spread] p2b\n|-miss|p1b: Landorus|p2a: Alomomola\n|-supereffective|p2b: Archaludon\n|-damage|p2b: Archaludon|0 fnt\n|faint|p2b: Archaludon\n|move|p1a: Tyranitar|Knock Off|p2a: Alomomola\n|-damage|p2a: Alomomola|74/100\n|-enditem|p2a: Alomomola|Eject Button|[from] move: Knock Off|[of] p1a: Tyranitar\n|\n|-weather|Sandstorm|[upkeep]\n|-damage|p2a: Alomomola|67/100|[from] Sandstorm\n|-damage|p1a: Tyranitar|89/100|[from] Sandstorm\n|upkeep\n|turn|4\n|\n|t:|1746118624\n|move|p1b: Landorus|Earth Power|p2a: Alomomola\n|-damage|p2a: Alomomola|0 fnt\n|faint|p2a: Alomomola\n|\n|win|MrBlubbyBoi\n|l|\u2606MrBlubbyBoi\n|player|p1|\n||MrBlubbyBoi is ready for game 2.\n|l|\u2606cw048371\n|player|p2|\n|inactive|cw048371 has 30 seconds to confirm battle start!\n||cw048371 is ready for game 2.\n|uhtml|next|Next: <a href=\"/battle-gen9vgc2025regibo3-2354774740\"><strong>Game 2 of 3</strong></a>\n", "uploadtime": 1746118926, "views": 5, "formatid": "gen9vgc2025regibo3", "rating": null, "private": 0, "password": null}