{"id": "gen9vgc2025regibo3-2354225165", "format": "[Gen 9] VGC 2025 Reg I (Bo3)", "players": ["entei enthusiast", "the_ag_is_real"], "log": "|j|\u2606entei enthusiast\n|j|\u2606the_ag_is_real\n|html|<table width=\"100%\"><tr><td align=\"left\">entei enthusiast</td><td align=\"right\">the_ag_is_real</tr><tr><td align=\"left\"><i class=\"fa fa-circle-o\"></i> <i class=\"fa fa-circle-o\"></i> </td><td align=\"right\"><i class=\"fa fa-circle-o\"></i> <i class=\"fa fa-circle-o\"></i> </tr></table>\n|uhtml|bestof|<h2><strong>Game 1</strong> of <a href=\"/game-bestof3-gen9vgc2025regibo3-2354225164\">a best-of-3</a></h2>\n|t:|1746046498\n|gametype|doubles\n|player|p1|entei enthusiast|nate-masters|1341\n|player|p2|the_ag_is_real|rika|1467\n|teamsize|p1|6\n|teamsize|p2|6\n|gen|9\n|tier|[Gen 9] VGC 2025 Reg I (Bo3)\n|rated|\n|rule|Species Clause: Limit one of each Pok\u00e9mon\n|rule|Item Clause: Limit 1 of each item\n|clearpoke\n|poke|p1|Koraidon, L50|\n|poke|p1|Lunala, L50|\n|poke|p1|Flutter Mane, L50|\n|poke|p1|Chi-Yu, L50|\n|poke|p1|Ursaluna, L50, M|\n|poke|p1|Brute Bonnet, L50|\n|poke|p2|Koraidon, L50|\n|poke|p2|Calyrex-Shadow, L50|\n|poke|p2|Chi-Yu, L50|\n|poke|p2|Whimsicott, L50, F|\n|poke|p2|Clefairy, L50, M|\n|poke|p2|Raging Bolt, L50|\n|teampreview|4\n|showteam|p1|Koraidon||LifeOrb|OrichalcumPulse|FlareBlitz,FlameCharge,CloseCombat,Protect||||||50|,,,,,Fire]Lunala||PowerHerb|ShadowShield|WideGuard,MeteorBeam,MoongeistBeam,TrickRoom||||||50|,,,,,Water]Flutter Mane||FocusSash|Protosynthesis|Moonblast,IcyWind,ShadowBall,Protect||||||50|,,,,,Normal]Chi-Yu||ChoiceScarf|BeadsofRuin|Flamethrower,HeatWave,DarkPulse,Snarl||||||50|,,,,,Ghost]Ursaluna||FlameOrb|Guts|Facade,Earthquake,HeadlongRush,Protect|||M|||50|,,,,,Ghost]Brute Bonnet||CovertCloak|Protosynthesis|SeedBomb,SuckerPunch,Spore,RagePowder||||||50|,,,,,Water\n|showteam|p2|Koraidon||LifeOrb|OrichalcumPulse|FlareBlitz,CloseCombat,BreakingSwipe,Protect||||||50|,,,,,Fire]Calyrex-Shadow||FocusSash|AsOneSpectrier|AstralBarrage,Psychic,NastyPlot,Protect||||||50|,,,,,Ghost]Chi-Yu||ChoiceScarf|BeadsofRuin|HeatWave,DarkPulse,Overheat,Snarl||||||50|,,,,,Ghost]Whimsicott||CovertCloak|Prankster|Moonblast,Tailwind,Encore,MistyTerrain|||F|||50|,,,,,Fire]Clefairy||Eviolite|FriendGuard|FollowMe,HelpingHand,AfterYou,Protect|||M|||50|,,,,,Water]Raging Bolt||AssaultVest|Protosynthesis|Thunderbolt,Thunderclap,DragonPulse,Electroweb||||||50|,,,,,Electric\n|\n|t:|1746046545\n|start\n|switch|p1a: Rhapthorne|Lunala, L50|100/100\n|switch|p1b: Yao Guai|Ursaluna, L50, M|100/100\n|switch|p2a: Luffy|Koraidon, L50|100/100\n|switch|p2b: Nami|Whimsicott, L50, F, shiny|100/100\n|-weather|SunnyDay|[from] ability: Orichalcum Pulse|[of] p2a: Luffy\n|-activate|p2a: Luffy|Orichalcum Pulse|[source]\n|turn|1\n|inactive|Battle timer is ON: inactive players will automatically lose when time's up. (requested by the_ag_is_real)\n|\n|t:|1746046603\n|move|p2a: Luffy|Protect|p2a: Luffy\n|-singleturn|p2a: Luffy|Protect\n|move|p1b: Yao Guai|Protect|p1b: Yao Guai\n|-singleturn|p1b: Yao Guai|Protect\n|move|p2b: Nami|Misty Terrain|p2b: Nami\n|-fieldstart|move: Misty Terrain\n|move|p1a: Rhapthorne|Trick Room|p1a: Rhapthorne\n|-fieldstart|move: Trick Room|[of] p1a: Rhapthorne\n|\n|-weather|SunnyDay|[upkeep]\n|upkeep\n|turn|2\n|inactive|entei enthusiast has 30 seconds left.\n|inactive|entei enthusiast has 20 seconds left.\n|inactive|entei enthusiast has 15 seconds left.\n|inactive|entei enthusiast has 10 seconds left.\n|\n|t:|1746046649\n|switch|p1a: Catachan|Brute Bonnet, L50|100/100\n|-activate|p1a: Catachan|ability: Protosynthesis\n|-start|p1a: Catachan|protosynthesisdef\n|move|p2b: Nami|Encore|p1a: Catachan\n|-hint|Since gen 7, Dark is immune to Prankster moves.\n|-immune|p1a: Catachan\n|move|p1b: Yao Guai|Facade|p2b: Nami\n|-damage|p2b: Nami|44/100\n|move|p2a: Luffy|Flare Blitz|p1b: Yao Guai\n|-damage|p1b: Yao Guai|13/100\n|-damage|p2a: Luffy|61/100|[from] Recoil\n|-damage|p2a: Luffy|51/100|[from] item: Life Orb\n|\n|-weather|SunnyDay|[upkeep]\n|upkeep\n|turn|3\n|inactive|entei enthusiast has 30 seconds left.\n|\n|t:|1746046681\n|move|p1a: Catachan|Rage Powder|p1a: Catachan\n|-singleturn|p1a: Catachan|move: Rage Powder\n|move|p1b: Yao Guai|Earthquake|p2b: Nami|[spread] p1a,p2a,p2b\n|-resisted|p1a: Catachan\n|-resisted|p2b: Nami\n|-damage|p1a: Catachan|89/100\n|-damage|p2a: Luffy|13/100\n|-damage|p2b: Nami|15/100\n|move|p2b: Nami|Moonblast|p1b: Yao Guai\n|-damage|p1b: Yao Guai|0 fnt\n|faint|p1b: Yao Guai\n|move|p2a: Luffy|Flare Blitz|p1a: Catachan\n|-supereffective|p1a: Catachan\n|-damage|p1a: Catachan|0 fnt\n|faint|p1a: Catachan\n|-end|p1a: Catachan|Protosynthesis|[silent]\n|-damage|p2a: Luffy|0 fnt|[from] Recoil\n|faint|p2a: Luffy\n|\n|-weather|SunnyDay|[upkeep]\n|upkeep\n|\n|t:|1746046690\n|switch|p1b: Rhapthorne|Lunala, L50|100/100\n|switch|p1a: Kardas|Koraidon, L50|100/100\n|switch|p2a: Franky|Raging Bolt, L50|100/100\n|-activate|p1a: Kardas|ability: Orichalcum Pulse\n|-activate|p2a: Franky|ability: Protosynthesis\n|-start|p2a: Franky|protosynthesisspa\n|turn|4\n|\n|t:|1746046705\n|move|p2a: Franky|Dragon Pulse|p1a: Kardas\n|-supereffective|p1a: Kardas\n|-damage|p1a: Kardas|36/100\n|move|p1b: Rhapthorne|Meteor Beam||[still]\n|-prepare|p1b: Rhapthorne|Meteor Beam\n|-boost|p1b: Rhapthorne|spa|1\n|-enditem|p1b: Rhapthorne|Power Herb\n|-anim|p1b: Rhapthorne|Meteor Beam|p2a: Franky\n|-damage|p2a: Franky|61/100\n|move|p2b: Nami|Moonblast|p1b: Rhapthorne\n|-damage|p1b: Rhapthorne|90/100\n|move|p1a: Kardas|Flame Charge|p2b: Nami\n|-supereffective|p2b: Nami\n|-damage|p2b: Nami|0 fnt\n|-boost|p1a: Kardas|spe|1\n|faint|p2b: Nami\n|-damage|p1a: Kardas|26/100|[from] item: Life Orb\n|\n|-weather|SunnyDay|[upkeep]\n|upkeep\n|\n|t:|1746046708\n|switch|p2b: Robin|Calyrex-Shadow, L50|100/100\n|-ability|p2b: Robin|As One\n|-ability|p2b: Robin|Unnerve\n|turn|5\n|inactive|entei enthusiast has 30 seconds left.\n|inactive|the_ag_is_real has 30 seconds left.\n|\n|t:|1746046741\n|move|p2b: Robin|Protect|p2b: Robin\n|-singleturn|p2b: Robin|Protect\n|move|p1a: Kardas|Protect|p1a: Kardas\n|-singleturn|p1a: Kardas|Protect\n|move|p2a: Franky|Thunderbolt|p1b: Rhapthorne\n|-damage|p1b: Rhapthorne|45/100\n|move|p1b: Rhapthorne|Moongeist Beam|p2a: Franky\n|-damage|p2a: Franky|9/100\n|\n|-weather|none\n|-end|p2a: Franky|Protosynthesis\n|-fieldend|move: Trick Room\n|-fieldend|Misty Terrain\n|upkeep\n|turn|6\n|inactive|entei enthusiast has 30 seconds left.\n|inactive|entei enthusiast has 20 seconds left.\n|\n|t:|1746046777\n|-terastallize|p1a: Kardas|Fire\n|-terastallize|p2a: Franky|Electric\n|move|p2a: Franky|Thunderclap|p1a: Kardas\n|-damage|p1a: Kardas|0 fnt\n|faint|p1a: Kardas\n|move|p2b: Robin|Astral Barrage|p1b: Rhapthorne\n|-supereffective|p1b: Rhapthorne\n|-damage|p1b: Rhapthorne|0 fnt\n|faint|p1b: Rhapthorne\n|\n|win|the_ag_is_real\n||the_ag_is_real is ready for game 2.\n||entei enthusiast is ready for game 2.\n|uhtml|next|Next: <a href=\"/battle-gen9vgc2025regibo3-2354227899\"><strong>Game 2 of 3</strong></a>\n|l|\u2606the_ag_is_real\n|player|p2|\n|l|\u2606entei enthusiast\n|player|p1|\n|j|\u2606the_ag_is_real\n|player|p2|the_ag_is_real|rika|\n", "uploadtime": 1746047066, "views": 40, "formatid": "gen9vgc2025regibo3", "rating": null, "private": 0, "password": null}