{"id": "gen9vgc2025regibo3-2353489309", "format": "[Gen 9] VGC 2025 Reg I (Bo3)", "players": ["Bigboyblue3451", "LunaSunChris"], "log": "|j|\u2606Bigboyblue3451\n|j|\u2606LunaSunChris\n|html|<table width=\"100%\"><tr><td align=\"left\">Bigboyblue3451</td><td align=\"right\">LunaSunChris</tr><tr><td align=\"left\"><i class=\"fa fa-circle-o\"></i> <i class=\"fa fa-circle-o\"></i> </td><td align=\"right\"><i class=\"fa fa-circle-o\"></i> <i class=\"fa fa-circle-o\"></i> </tr></table>\n|uhtml|bestof|<h2><strong>Game 1</strong> of <a href=\"/game-bestof3-gen9vgc2025regibo3-2353489308\">a best-of-3</a></h2>\n|t:|1745960752\n|gametype|doubles\n|player|p1|Bigboyblue3451|265|1153\n|player|p2|LunaSunChris|rood|1238\n|teamsize|p1|6\n|teamsize|p2|6\n|gen|9\n|tier|[Gen 9] VGC 2025 Reg I (Bo3)\n|rated|\n|rule|Species Clause: Limit one of each Pok\u00e9mon\n|rule|Item Clause: Limit 1 of each item\n|clearpoke\n|poke|p1|Chien-Pao, L50|\n|poke|p1|Calyrex-Shadow, L50|\n|poke|p1|Iron Hands, L50|\n|poke|p1|Whimsicott, L50, F|\n|poke|p1|Miraidon, L50|\n|poke|p1|Incineroar, L50, F|\n|poke|p2|Groudon, L50|\n|poke|p2|Lunala, L50|\n|poke|p2|Incineroar, L50, M|\n|poke|p2|Ogerpon-Hearthflame, L50, F|\n|poke|p2|Walking Wake, L50|\n|poke|p2|Rillaboom, L50, F|\n|teampreview|4\n|showteam|p1|Chien-Pao||LifeOrb|SwordofRuin|IceShard,IceSpinner,SuckerPunch,Protect||||||50|,,,,,Stellar]Calyrex-Shadow||FocusSash|AsOneSpectrier|AstralBarrage,Psychic,Encore,Protect||||||50|,,,,,Water]Iron Hands||AssaultVest|QuarkDrive|DrainPunch,LowKick,FakeOut,WildCharge||||||50|,,,,,Bug]Whimsicott||CovertCloak|Prankster|Tailwind,Moonblast,LightScreen,HelpingHand|||F|||50|,,,,,Dark]Miraidon||Magnet|HadronEngine|ElectroDrift,VoltSwitch,DracoMeteor,Protect||||||50|,,,,,Electric]Incineroar||SafetyGoggles|Intimidate|FlareBlitz,KnockOff,PartingShot,FakeOut|||F|||50|,,,,,Bug\n|showteam|p2|Groudon||ClearAmulet|Drought|PrecipiceBlades,HeatCrash,StompingTantrum,Protect||||||50|,,,,,Fire]Lunala||PowerHerb|ShadowShield|MoongeistBeam,MeteorBeam,WideGuard,TrickRoom||||||50|,,,,,Fairy]Incineroar||SafetyGoggles|Intimidate|KnockOff,FakeOut,FlareBlitz,PartingShot|||M|||50|,,,,,Ghost]Ogerpon-Hearthflame||HearthflameMask|MoldBreaker|IvyCudgel,WoodHammer,FollowMe,SpikyShield|||F|||50|,,,,,Fire]Walking Wake||LifeOrb|Protosynthesis|WeatherBall,HydroSteam,DracoMeteor,Protect||||||50|,,,,,Fire]Rillaboom||AssaultVest|GrassySurge|FakeOut,GrassyGlide,Uturn,WoodHammer|||F|||50|,,,,,Fire\n|inactive|Battle timer is ON: inactive players will automatically lose when time's up. (requested by LunaSunChris)\n|inactive|Bigboyblue3451 has 60 seconds left.\n|\n|t:|1745960848\n|start\n|switch|p1a: Chien-Pao|Chien-Pao, L50|100/100\n|switch|p1b: Incineroar|Incineroar, L50, F|100/100\n|switch|p2a: Lunala|Lunala, L50|100/100\n|switch|p2b: Rillaboom|Rillaboom, L50, F|100/100\n|-ability|p1a: Chien-Pao|Sword of Ruin\n|-fieldstart|move: Grassy Terrain|[from] ability: Grassy Surge|[of] p2b: Rillaboom\n|-ability|p1b: Incineroar|Intimidate|boost\n|-unboost|p2a: Lunala|atk|1\n|-unboost|p2b: Rillaboom|atk|1\n|turn|1\n|inactive|Bigboyblue3451 has 30 seconds left.\n|\n|t:|1745960876\n|move|p2b: Rillaboom|Fake Out|p1a: Chien-Pao\n|-damage|p1a: Chien-Pao|90/100\n|cant|p1a: Chien-Pao|flinch\n|move|p2a: Lunala|Meteor Beam||[still]\n|-prepare|p2a: Lunala|Meteor Beam\n|-boost|p2a: Lunala|spa|1\n|-enditem|p2a: Lunala|Power Herb\n|-anim|p2a: Lunala|Meteor Beam|p1b: Incineroar|[miss]\n|-miss|p2a: Lunala|p1b: Incineroar\n|move|p1b: Incineroar|Knock Off|p2a: Lunala\n|-supereffective|p2a: Lunala\n|-damage|p2a: Lunala|48/100\n|\n|-heal|p1a: Chien-Pao|95/100|[from] Grassy Terrain\n|-heal|p2a: Lunala|54/100|[from] Grassy Terrain\n|upkeep\n|turn|2\n|inactive|Bigboyblue3451 has 30 seconds left.\n|inactive|LunaSunChris has 30 seconds left.\n|inactive|LunaSunChris has 20 seconds left.\n|\n|t:|1745960913\n|-terastallize|p2a: Lunala|Fairy\n|move|p1a: Chien-Pao|Ice Spinner|p2b: Rillaboom\n|-supereffective|p2b: Rillaboom\n|-damage|p2b: Rillaboom|0 fnt\n|-fieldend|move: Grassy Terrain\n|faint|p2b: Rillaboom\n|-damage|p1a: Chien-Pao|86/100|[from] item: Life Orb\n|move|p1b: Incineroar|Parting Shot|p2a: Lunala\n|-unboost|p2a: Lunala|atk|1\n|-unboost|p2a: Lunala|spa|1\n|\n|t:|1745960925\n|switch|p1b: Iron Hands|Iron Hands, L50|100/100|[from] Parting Shot\n|move|p2a: Lunala|Trick Room|p2a: Lunala\n|-fieldstart|move: Trick Room|[of] p2a: Lunala\n|\n|upkeep\n|\n|t:|1745960931\n|switch|p2b: Groudon|Groudon, L50|100/100\n|-weather|SunnyDay|[from] ability: Drought|[of] p2b: Groudon\n|turn|3\n|inactive|LunaSunChris has 30 seconds left.\n|\n|t:|1745960957\n|move|p1b: Iron Hands|Fake Out|p2b: Groudon\n|-damage|p2b: Groudon|85/100\n|cant|p2b: Groudon|flinch\n|move|p2a: Lunala|Meteor Beam||[still]\n|-prepare|p2a: Lunala|Meteor Beam\n|-boost|p2a: Lunala|spa|1\n|move|p1a: Chien-Pao|Ice Spinner|p2a: Lunala\n|-damage|p2a: Lunala|0 fnt\n|faint|p2a: Lunala\n|-damage|p1a: Chien-Pao|76/100|[from] item: Life Orb\n|\n|-weather|SunnyDay|[upkeep]\n|upkeep\n|\n|t:|1745960967\n|switch|p2a: Walking Wake|Walking Wake, L50|100/100\n|-activate|p2a: Walking Wake|ability: Protosynthesis\n|-start|p2a: Walking Wake|protosynthesisspe\n|turn|4\n|\n|t:|1745960991\n|-terastallize|p1b: Iron Hands|Bug\n|move|p1a: Chien-Pao|Protect|p1a: Chien-Pao\n|-singleturn|p1a: Chien-Pao|Protect\n|move|p1b: Iron Hands|Low Kick|p2b: Groudon\n|-damage|p2b: Groudon|18/100\n|move|p2b: Groudon|Precipice Blades|p1b: Iron Hands|[spread] \n|-activate|p1a: Chien-Pao|move: Protect\n|-miss|p2b: Groudon|p1b: Iron Hands\n|move|p2a: Walking Wake|Hydro Steam|p1b: Iron Hands\n|-damage|p1b: Iron Hands|58/100\n|-damage|p2a: Walking Wake|91/100|[from] item: Life Orb\n|\n|-weather|SunnyDay|[upkeep]\n|upkeep\n|turn|5\n|inactive|Bigboyblue3451 has 30 seconds left.\n|\n|t:|1745961020\n|move|p2b: Groudon|Protect|p2b: Groudon\n|-singleturn|p2b: Groudon|Protect\n|move|p1a: Chien-Pao|Sucker Punch|p2a: Walking Wake\n|-damage|p2a: Walking Wake|12/100\n|-damage|p1a: Chien-Pao|66/100|[from] item: Life Orb\n|move|p1b: Iron Hands|Drain Punch|p2a: Walking Wake\n|-damage|p2a: Walking Wake|0 fnt\n|-heal|p1b: Iron Hands|62/100|[from] drain|[of] p2a: Walking Wake\n|faint|p2a: Walking Wake\n|-end|p2a: Walking Wake|Protosynthesis|[silent]\n|\n|-weather|SunnyDay|[upkeep]\n|upkeep\n|turn|6\n|-message|LunaSunChris forfeited.\n|\n|win|Bigboyblue3451\n", "uploadtime": 1745961033, "views": 32, "formatid": "gen9vgc2025regibo3", "rating": null, "private": 0, "password": null}