{"id": "gen9vgc2025regibo3-2353724824", "format": "[Gen 9] VGC 2025 Reg I (Bo3)", "players": ["Markingdra", "xavidotnet"], "log": "|j|\u2606Markingdra\n|j|\u2606xavidotnet\n|html|<table width=\"100%\"><tr><td align=\"left\">Markingdra</td><td align=\"right\">xavidotnet</tr><tr><td align=\"left\"><i class=\"fa fa-circle-o\"></i> <i class=\"fa fa-circle-o\"></i> </td><td align=\"right\"><i class=\"fa fa-circle-o\"></i> <i class=\"fa fa-circle-o\"></i> </tr></table>\n|uhtml|bestof|<h2><strong>Game 1</strong> of <a href=\"/game-bestof3-gen9vgc2025regibo3-2353724823\">a best-of-3</a></h2>\n|t:|1745989178\n|gametype|doubles\n|player|p1|Markingdra|rocketgrunt|1073\n|player|p2|xavidotnet|hilbert|1057\n|teamsize|p1|6\n|teamsize|p2|6\n|gen|9\n|tier|[Gen 9] VGC 2025 Reg I (Bo3)\n|rated|\n|rule|Species Clause: Limit one of each Pok\u00e9mon\n|rule|Item Clause: Limit 1 of each item\n|clearpoke\n|poke|p1|Koraidon, L50|\n|poke|p1|Lunala, L50|\n|poke|p1|Indeedee-F, L50, F|\n|poke|p1|Ursaluna, L50, F|\n|poke|p1|Chi-Yu, L50|\n|poke|p1|Whimsicott, L50, M|\n|poke|p2|Kingambit, L50, M|\n|poke|p2|Gothitelle, L50, M|\n|poke|p2|Incineroar, L50, M|\n|poke|p2|Whimsicott, L50, M|\n|poke|p2|Zamazenta-*, L50|\n|poke|p2|Koraidon, L50|\n|teampreview|4\n|showteam|p1|Koraidon||LifeOrb|OrichalcumPulse|CloseCombat,FlareBlitz,BreakingSwipe,Protect||||||50|,,,,,Fire]Lunala||PowerHerb|ShadowShield|WideGuard,ExpandingForce,MoongeistBeam,MeteorBeam||||||50|,,,,,Water]Indeedee-F||RockyHelmet|PsychicSurge|FollowMe,HelpingHand,TrickRoom,Psychic|||F|||50|,,,,,Water]Ursaluna||FlameOrb|Guts|Facade,HeadlongRush,Earthquake,Protect|||F|||50|,,,,,Fairy]Chi-Yu||ChoiceScarf|BeadsofRuin|HeatWave,Overheat,DarkPulse,Snarl||||||50|,,,,,Fire]Whimsicott||FocusSash|Prankster|SunnyDay,Tailwind,Moonblast,GrassKnot|||M|||50|,,,,,Water\n|showteam|p2|Kingambit||AssaultVest|Defiant|LowKick,KowtowCleave,IronHead,SuckerPunch|||M|||50|,,,,,Dark]Gothitelle||SafetyGoggles|ShadowTag|FakeOut,Psychic,Protect,HelpingHand|||M|||50|,,,,,Fairy]Incineroar||ClearAmulet|Intimidate|FakeOut,KnockOff,PartingShot,FlareBlitz|||M|||50|,,,,,Ghost]Whimsicott||MentalHerb|Chlorophyll|Tailwind,Moonblast,HelpingHand,Protect|||M|||50|,,,,,Poison]Zamazenta-Crowned||RustedShield|DauntlessShield|BodyPress,WideGuard,behemothbash,WildCharge||||||50|,,,,,Fighting]Koraidon||LifeOrb|OrichalcumPulse|FlareBlitz,CollisionCourse,DragonClaw,Protect||||||50|,,,,,Fire\n|inactive|Battle timer is ON: inactive players will automatically lose when time's up. (requested by Markingdra)\n|\n|t:|1745989217\n|start\n|switch|p1a: Lunala|Lunala, L50|100/100\n|switch|p1b: Indeedee|Indeedee-F, L50, F|100/100\n|switch|p2a: Gothitelle|Gothitelle, L50, M|100/100\n|switch|p2b: Zamazenta|Zamazenta-Crowned, L50|100/100\n|-ability|p2b: Zamazenta|Dauntless Shield|boost\n|-boost|p2b: Zamazenta|def|1\n|-fieldstart|move: Psychic Terrain|[from] ability: Psychic Surge|[of] p1b: Indeedee\n|turn|1\n|\n|t:|1745989240\n|move|p2a: Gothitelle|Fake Out|p1b: Indeedee\n|-activate|p1b: Indeedee|move: Psychic Terrain\n|move|p2b: Zamazenta|Behemoth Bash|p1a: Lunala\n|-damage|p1a: Lunala|77/100\n|move|p1a: Lunala|Meteor Beam||[still]\n|-prepare|p1a: Lunala|Meteor Beam\n|-boost|p1a: Lunala|spa|1\n|-enditem|p1a: Lunala|Power Herb\n|-anim|p1a: Lunala|Meteor Beam|p2a: Gothitelle\n|-damage|p2a: Gothitelle|56/100\n|move|p1b: Indeedee|Trick Room|p1b: Indeedee\n|-fieldstart|move: Trick Room|[of] p1b: Indeedee\n|\n|upkeep\n|turn|2\n|inactive|xavidotnet has 30 seconds left.\n|\n|t:|1745989274\n|move|p2a: Gothitelle|Helping Hand|p2b: Zamazenta\n|-singleturn|p2b: Zamazenta|Helping Hand|[of] p2a: Gothitelle\n|move|p1b: Indeedee|Follow Me|p1b: Indeedee\n|-singleturn|p1b: Indeedee|move: Follow Me\n|move|p1a: Lunala|Moongeist Beam|p2a: Gothitelle\n|-supereffective|p2a: Gothitelle\n|-damage|p2a: Gothitelle|0 fnt\n|faint|p2a: Gothitelle\n|move|p2b: Zamazenta|Behemoth Bash|p1b: Indeedee\n|-damage|p1b: Indeedee|24/100\n|-damage|p2b: Zamazenta|84/100|[from] item: Rocky Helmet|[of] p1b: Indeedee\n|\n|upkeep\n|\n|t:|1745989295\n|switch|p2a: Whimsicott|Whimsicott, L50, M|100/100\n|turn|3\n|\n|t:|1745989310\n|move|p1b: Indeedee|Helping Hand|p1a: Lunala\n|-singleturn|p1a: Lunala|Helping Hand|[of] p1b: Indeedee\n|move|p2a: Whimsicott|Moonblast|p1a: Lunala\n|-damage|p1a: Lunala|58/100\n|move|p1a: Lunala|Expanding Force|p2a: Whimsicott|[spread] p2a,p2b\n|-damage|p2a: Whimsicott|0 fnt\n|-damage|p2b: Zamazenta|0 fnt\n|faint|p2a: Whimsicott\n|faint|p2b: Zamazenta\n|\n|upkeep\n|-message|xavidotnet forfeited.\n|\n|win|Markingdra\n|l|\u2606xavidotnet\n|player|p2|\n||Markingdra is ready for game 2.\n|inactive|xavidotnet has 30 seconds to confirm battle start!\n|inactive|xavidotnet has 20 seconds to confirm battle start!\n|inactive|xavidotnet has 10 seconds to confirm battle start!\n|inactive|xavidotnet has 0 seconds to confirm battle start!\n|uhtml|next|Next: <a href=\"/battle-gen9vgc2025regibo3-2353725986\"><strong>Game 2 of 3</strong></a>\n|l|\u2606Markingdra\n|player|p1|\n", "uploadtime": 1745989641, "views": 6, "formatid": "gen9vgc2025regibo3", "rating": null, "private": 0, "password": null}