{"id": "gen9vgc2025regibo3-2354471229", "format": "[Gen 9] VGC 2025 Reg I (Bo3)", "players": ["Jerm626", "Kiget"], "log": "|j|\u2606Jerm626\n|j|\u2606Kiget\n|html|<table width=\"100%\"><tr><td align=\"left\">Jerm626</td><td align=\"right\">Kiget</tr><tr><td align=\"left\"><i class=\"fa fa-circle-o\"></i> <i class=\"fa fa-circle-o\"></i> </td><td align=\"right\"><i class=\"fa fa-circle-o\"></i> <i class=\"fa fa-circle-o\"></i> </tr></table>\n|uhtml|bestof|<h2><strong>Game 1</strong> of <a href=\"/game-bestof3-gen9vgc2025regibo3-2354471228\">a best-of-3</a></h2>\n|t:|1746076923\n|gametype|doubles\n|player|p1|Jerm626|1|1159\n|player|p2|Kiget|colress|1059\n|teamsize|p1|6\n|teamsize|p2|6\n|gen|9\n|tier|[Gen 9] VGC 2025 Reg I (Bo3)\n|rated|\n|rule|Species Clause: Limit one of each Pok\u00e9mon\n|rule|Item Clause: Limit 1 of each item\n|clearpoke\n|poke|p1|Koraidon, L50|\n|poke|p1|Lunala, L50|\n|poke|p1|Indeedee-F, L50, F|\n|poke|p1|Ursaluna, L50, M|\n|poke|p1|Flutter Mane, L50|\n|poke|p1|Ogerpon-Cornerstone, L50, F|\n|poke|p2|Ninetales-Alola, L50, F|\n|poke|p2|Glaceon, L50, F|\n|poke|p2|Baxcalibur, L50, F|\n|poke|p2|Abomasnow, L50, F|\n|poke|p2|Cetitan, L50, F|\n|poke|p2|Kyurem-White, L50|\n|teampreview|4\n|showteam|p1|Koraidon||ClearAmulet|OrichalcumPulse|CloseCombat,FlameCharge,FlareBlitz,Protect||||||50|,,,,,Fire]Lunala||PowerHerb|ShadowShield|ExpandingForce,MeteorBeam,WideGuard,MoongeistBeam||||||50|,,,,,Water]Indeedee-F||RockyHelmet|PsychicSurge|TrickRoom,FollowMe,Psychic,HealPulse|||F|||50|,,,,,Water]Ursaluna||FlameOrb|Guts|Facade,HeadlongRush,Protect,Earthquake|||M|||50|,,,,,Ghost]Flutter Mane||FocusSash|Protosynthesis|IcyWind,Moonblast,Protect,Taunt||||||50|,,,,,Normal]Ogerpon-Cornerstone||CornerstoneMask|Sturdy|IvyCudgel,SpikyShield,FollowMe,PowerWhip|||F|||50|,,,,,Rock\n|showteam|p2|Ninetales-Alola||LightClay|SnowWarning|AuroraVeil,IceBeam,Encore,Moonblast|||F|||50|,,,,,Fairy]Glaceon||IciclePlate|IceBody|Haze,Blizzard,Rest,SleepTalk|||F|||50|,,,,,Ice]Baxcalibur||LoadedDice|IceBody|IcicleSpear,ScaleShot,HighHorsepower,SwordsDance|||F|||50|,,,,,Ground]Abomasnow||LifeOrb|SnowWarning|AuroraVeil,WoodHammer,Earthquake,BrickBreak|||F|||50|,,,,,Grass]Cetitan||ChoiceBand|SlushRush|Liquidation,IceSpinner,HighHorsepower,Superpower|||F|||50|,,,,,Fighting]Kyurem-White||AssaultVest|Turboblaze|FusionFlare,Blizzard,DragonPulse,Psychic||||||50|,,,,,Fire\n|inactive|Battle timer is ON: inactive players will automatically lose when time's up. (requested by Jerm626)\n|inactive|Jerm626 has 60 seconds left.\n|\n|t:|1746076968\n|start\n|switch|p1a: Lunala|Lunala, L50, shiny|100/100\n|switch|p1b: Ogerpon|Ogerpon-Cornerstone, L50, F|100/100\n|switch|p2a: Cetitan|Cetitan, L50, F|100/100\n|switch|p2b: Ninetales|Ninetales-Alola, L50, F|100/100\n|-weather|Snowscape|[from] ability: Snow Warning|[of] p2b: Ninetales\n|turn|1\n|inactive|Jerm626 has 30 seconds left.\n|\n|t:|1746076998\n|switch|p1b: Koraidon|Koraidon, L50|100/100\n|-weather|SunnyDay|[from] ability: Orichalcum Pulse|[of] p1b: Koraidon\n|-activate|p1b: Koraidon|Orichalcum Pulse|[source]\n|move|p2b: Ninetales|Ice Beam|p1b: Koraidon\n|-supereffective|p1b: Koraidon\n|-damage|p1b: Koraidon|25/100\n|move|p2a: Cetitan|Superpower|p1b: Koraidon\n|-crit|p1b: Koraidon\n|-damage|p1b: Koraidon|0 fnt\n|-unboost|p2a: Cetitan|atk|1\n|-unboost|p2a: Cetitan|def|1\n|faint|p1b: Koraidon\n|move|p1a: Lunala|Meteor Beam||[still]\n|-prepare|p1a: Lunala|Meteor Beam\n|-boost|p1a: Lunala|spa|1\n|-enditem|p1a: Lunala|Power Herb\n|-anim|p1a: Lunala|Meteor Beam|p2a: Cetitan\n|-supereffective|p2a: Cetitan\n|-damage|p2a: Cetitan|0 fnt\n|faint|p2a: Cetitan\n|\n|-weather|SunnyDay|[upkeep]\n|upkeep\n|\n|t:|1746077016\n|switch|p1b: Flutter Mane|Flutter Mane, L50|100/100\n|switch|p2a: Kyurem|Kyurem-White, L50|100/100\n|-ability|p2a: Kyurem|Turboblaze\n|-activate|p1b: Flutter Mane|ability: Protosynthesis\n|-start|p1b: Flutter Mane|protosynthesisspe\n|turn|2\n|\n|t:|1746077037\n|switch|p2b: Glaceon|Glaceon, L50, F, shiny|100/100\n|-terastallize|p2a: Kyurem|Fire\n|move|p1b: Flutter Mane|Taunt|p2b: Glaceon\n|-start|p2b: Glaceon|move: Taunt\n|move|p1a: Lunala|Moongeist Beam|p2a: Kyurem\n|-damage|p2a: Kyurem|61/100\n|move|p2a: Kyurem|Fusion Flare|p1a: Lunala\n|-damage|p1a: Lunala|61/100\n|\n|-weather|SunnyDay|[upkeep]\n|upkeep\n|turn|3\n|inactive|Jerm626 has 30 seconds left.\n|inactive|Jerm626 has 20 seconds left.\n|inactive|Jerm626 has 15 seconds left.\n|inactive|Jerm626 has 10 seconds left.\n|\n|t:|1746077087\n|switch|p2b: Ninetales|Ninetales-Alola, L50, F|100/100\n|-weather|Snowscape|[from] ability: Snow Warning|[of] p2b: Ninetales\n|-end|p1b: Flutter Mane|Protosynthesis\n|move|p1b: Flutter Mane|Moonblast|p2b: Ninetales\n|-damage|p2b: Ninetales|40/100\n|move|p1a: Lunala|Moongeist Beam|p2b: Ninetales\n|-damage|p2b: Ninetales|0 fnt\n|faint|p2b: Ninetales\n|move|p2a: Kyurem|Blizzard|p1a: Lunala|[spread] p1a,p1b\n|-damage|p1a: Lunala|19/100\n|-damage|p1b: Flutter Mane|42/100\n|\n|-weather|Snowscape|[upkeep]\n|upkeep\n|\n|t:|1746077101\n|switch|p2b: Glaceon|Glaceon, L50, F, shiny|100/100\n|turn|4\n|\n|t:|1746077121\n|move|p1a: Lunala|Wide Guard|p1a: Lunala\n|-singleturn|p1a: Lunala|Wide Guard\n|move|p1b: Flutter Mane|Moonblast|p2b: Glaceon\n|-damage|p2b: Glaceon|32/100\n|-unboost|p2b: Glaceon|spa|1\n|move|p2a: Kyurem|Fusion Flare|p1a: Lunala\n|-damage|p1a: Lunala|0 fnt\n|faint|p1a: Lunala\n|move|p2b: Glaceon|Blizzard|p1b: Flutter Mane\n|-activate|p1b: Flutter Mane|move: Wide Guard\n|\n|-weather|Snowscape|[upkeep]\n|-heal|p2b: Glaceon|38/100|[from] ability: Ice Body\n|upkeep\n|\n|t:|1746077130\n|switch|p1a: Ogerpon|Ogerpon-Cornerstone, L50, F|100/100\n|turn|5\n|\n|t:|1746077139\n|-terastallize|p1a: Ogerpon|Rock\n|detailschange|p1a: Ogerpon|Ogerpon-Cornerstone-Tera, L50, F, tera:Rock\n|-ability|p1a: Ogerpon|Embody Aspect (Cornerstone)|boost\n|-boost|p1a: Ogerpon|def|1\n|move|p1b: Flutter Mane|Moonblast|p2b: Glaceon\n|-damage|p2b: Glaceon|0 fnt\n|faint|p2b: Glaceon\n|move|p1a: Ogerpon|Ivy Cudgel|p2a: Kyurem|[anim] Ivy Cudgel Rock\n|-supereffective|p2a: Kyurem\n|-damage|p2a: Kyurem|0 fnt\n|faint|p2a: Kyurem\n|\n|win|Jerm626\n||Jerm626 is ready for game 2.\n|inactive|Kiget has 30 seconds to confirm battle start!\n||Kiget is ready for game 2.\n|uhtml|next|Next: <a href=\"/battle-gen9vgc2025regibo3-2354472533\"><strong>Game 2 of 3</strong></a>\n", "uploadtime": 1746077451, "views": 7, "formatid": "gen9vgc2025regibo3", "rating": null, "private": 0, "password": null}