{"id": "gen9vgc2025regibo3-2354342936", "format": "[Gen 9] VGC 2025 Reg I (Bo3)", "players": ["retroteddysage", "EPeaceVGC"], "log": "|j|\u2606retroteddysage\n|j|\u2606EPeaceVGC\n|html|<table width=\"100%\"><tr><td align=\"left\">retroteddysage</td><td align=\"right\">EPeaceVGC</tr><tr><td align=\"left\"><i class=\"fa fa-circle-o\"></i> <i class=\"fa fa-circle-o\"></i> </td><td align=\"right\"><i class=\"fa fa-circle-o\"></i> <i class=\"fa fa-circle-o\"></i> </tr></table>\n|uhtml|bestof|<h2><strong>Game 1</strong> of <a href=\"/game-bestof3-gen9vgc2025regibo3-2354342935\">a best-of-3</a></h2>\n|t:|1746059689\n|gametype|doubles\n|player|p1|retroteddysage|265|1000\n|player|p2|EPeaceVGC|lance|1000\n|teamsize|p1|6\n|teamsize|p2|6\n|gen|9\n|tier|[Gen 9] VGC 2025 Reg I (Bo3)\n|rated|\n|rule|Species Clause: Limit one of each Pok\u00e9mon\n|rule|Item Clause: Limit 1 of each item\n|clearpoke\n|poke|p1|Grimmsnarl, L50, M|\n|poke|p1|Iron Valiant, L50|\n|poke|p1|Indeedee-F, L50, F|\n|poke|p1|Tornadus, L50, M|\n|poke|p1|Kyogre, L50|\n|poke|p1|Eternatus, L50|\n|poke|p2|Miraidon, L50|\n|poke|p2|Calyrex-Ice, L50|\n|poke|p2|Urshifu-*, L50, F|\n|poke|p2|Ursaluna-Bloodmoon, L50, M|\n|poke|p2|Indeedee-F, L50, F|\n|poke|p2|Raichu-Alola, L50, F|\n|teampreview|4\n|showteam|p1|Grimmsnarl||LightClay|Prankster|Reflect,LightScreen,PartingShot,ThunderWave|||M|||50|,,,,,Steel]Iron Valiant||BoosterEnergy|QuarkDrive|SpiritBreak,ShadowSneak,DrainPunch,WideGuard||||||50|,,,,,Steel]Indeedee-F||PsychicSeed|PsychicSurge|FollowMe,HelpingHand,DazzlingGleam,HealPulse|||F|||50|,,,,,Fairy]Tornadus||CovertCloak|Prankster|BleakwindStorm,Tailwind,Taunt,Protect|||M|||50|,,,,,Flying]Kyogre||MysticWater|Drizzle|WaterPulse,IceBeam,Protect,Thunder||||||50|,,,,,Dragon]Eternatus||Leftovers|Pressure|Recover,DynamaxCannon,CosmicPower,SludgeBomb||||||50|,,,,,Poison\n|showteam|p2|Miraidon||AssaultVest|HadronEngine|VoltSwitch,Discharge,DazzlingGleam,SolarBeam||||||50|,,,,,Fairy]Calyrex-Ice||ClearAmulet|AsOneGlastrier|GlacialLance,Protect,TrickRoom,SmartStrike||||||50|,,,,,Ground]Urshifu||ChoiceBand|UnseenFist|WickedBlow,SuckerPunch,PoisonJab,CloseCombat|||F|||50|,,,,,Poison]Ursaluna-Bloodmoon||LifeOrb|MindsEye|BloodMoon,EarthPower,HyperVoice,Protect|||M|||50|,,,,,Normal]Indeedee-F||PsychicSeed|PsychicSurge|FollowMe,TrickRoom,Protect,Psychic|||F|||50|,,,,,Psychic]Raichu-Alola||FocusSash|SurgeSurfer|FakeOut,Endeavor,Protect,VoltSwitch|||F|||50|,,,,,Dark\n|inactive|Battle timer is ON: inactive players will automatically lose when time's up. (requested by retroteddysage)\n|inactive|EPeaceVGC has 60 seconds left.\n|\n|t:|1746059746\n|start\n|switch|p1a: Tornadus|Tornadus, L50, M|100/100\n|switch|p1b: Iron Valiant|Iron Valiant, L50, shiny|100/100\n|switch|p2a: Indeedee|Indeedee-F, L50, F|100/100\n|switch|p2b: Calyrex|Calyrex-Ice, L50|100/100\n|-ability|p2b: Calyrex|As One\n|-ability|p2b: Calyrex|Unnerve\n|-fieldstart|move: Psychic Terrain|[from] ability: Psychic Surge|[of] p2a: Indeedee\n|-enditem|p2a: Indeedee|Psychic Seed\n|-boost|p2a: Indeedee|spd|1|[from] item: Psychic Seed\n|-enditem|p1b: Iron Valiant|Booster Energy\n|-activate|p1b: Iron Valiant|ability: Quark Drive|[fromitem]\n|-start|p1b: Iron Valiant|quarkdriveatk\n|turn|1\n|inactive|EPeaceVGC has 30 seconds left.\n|\n|t:|1746059778\n|switch|p1a: Grimmsnarl|Grimmsnarl, L50, M|100/100\n|move|p2a: Indeedee|Follow Me|p2a: Indeedee\n|-singleturn|p2a: Indeedee|move: Follow Me\n|move|p1b: Iron Valiant|Drain Punch|p2a: Indeedee\n|-damage|p2a: Indeedee|44/100\n|move|p2b: Calyrex|Trick Room|p2b: Calyrex\n|-fieldstart|move: Trick Room|[of] p2b: Calyrex\n|\n|upkeep\n|turn|2\n|\n|t:|1746059800\n|move|p1a: Grimmsnarl|Reflect|p1a: Grimmsnarl\n|-sidestart|p1: retroteddysage|Reflect\n|move|p2b: Calyrex|Smart Strike|p1a: Grimmsnarl\n|-supereffective|p1a: Grimmsnarl\n|-damage|p1a: Grimmsnarl|44/100\n|move|p2a: Indeedee|Psychic|p1b: Iron Valiant\n|-supereffective|p1b: Iron Valiant\n|-damage|p1b: Iron Valiant|0 fnt\n|faint|p1b: Iron Valiant\n|-end|p1b: Iron Valiant|Quark Drive|[silent]\n|\n|upkeep\n|\n|t:|1746059811\n|switch|p1b: Tornadus|Tornadus, L50, M|100/100\n|turn|3\n|\n|t:|1746059821\n|move|p1b: Tornadus|Protect|p1b: Tornadus\n|-singleturn|p1b: Tornadus|Protect\n|move|p1a: Grimmsnarl|Light Screen|p1a: Grimmsnarl\n|-sidestart|p1: retroteddysage|move: Light Screen\n|move|p2b: Calyrex|Glacial Lance|p1b: Tornadus|[spread] p1a\n|-activate|p1b: Tornadus|move: Protect\n|-damage|p1a: Grimmsnarl|0 fnt\n|faint|p1a: Grimmsnarl\n|-ability|p2b: Calyrex|Chilling Neigh|boost\n|-boost|p2b: Calyrex|atk|1\n|move|p2a: Indeedee|Psychic|p1b: Tornadus\n|-activate|p1b: Tornadus|move: Protect\n|\n|upkeep\n|\n|t:|1746059834\n|switch|p1a: Kyogre|Kyogre, L50|100/100\n|-weather|RainDance|[from] ability: Drizzle|[of] p1a: Kyogre\n|turn|4\n|\n|t:|1746059844\n|move|p1a: Kyogre|Protect|p1a: Kyogre\n|-singleturn|p1a: Kyogre|Protect\n|move|p2b: Calyrex|Glacial Lance|p1a: Kyogre|[spread] p1b\n|-activate|p1a: Kyogre|move: Protect\n|-supereffective|p1b: Tornadus\n|-damage|p1b: Tornadus|0 fnt\n|faint|p1b: Tornadus\n|-ability|p2b: Calyrex|Chilling Neigh|boost\n|-boost|p2b: Calyrex|atk|1\n|move|p2a: Indeedee|Psychic|p1a: Kyogre\n|-activate|p1a: Kyogre|move: Protect\n|\n|-weather|RainDance|[upkeep]\n|upkeep\n|turn|5\n|inactive|retroteddysage has 30 seconds left.\n|inactive|EPeaceVGC has 30 seconds left.\n|inactive|retroteddysage has 20 seconds left.\n|\n|t:|1746059882\n|move|p1a: Kyogre|Protect||[still]\n|-fail|p1a: Kyogre\n|move|p2b: Calyrex|Glacial Lance|p1a: Kyogre\n|-resisted|p1a: Kyogre\n|-damage|p1a: Kyogre|37/100\n|move|p2a: Indeedee|Psychic|p1a: Kyogre\n|-damage|p1a: Kyogre|15/100\n|\n|-weather|RainDance|[upkeep]\n|-fieldend|move: Trick Room\n|-fieldend|move: Psychic Terrain\n|upkeep\n|turn|6\n|-message|retroteddysage forfeited.\n|\n|win|EPeaceVGC\n|l|\u2606retroteddysage\n|player|p1|\n", "uploadtime": 1746059895, "views": 7, "formatid": "gen9vgc2025regibo3", "rating": null, "private": 0, "password": null}