{"id": "gen9vgc2025regibo3-2354456983", "format": "[Gen 9] VGC 2025 Reg I (Bo3)", "players": ["myshirtisdirty", "fab concha vgc"], "log": "|j|\u2606myshirtisdirty\n|j|\u2606fab concha vgc\n|html|<table width=\"100%\"><tr><td align=\"left\">myshirtisdirty</td><td align=\"right\">fab concha vgc</tr><tr><td align=\"left\"><i class=\"fa fa-circle-o\"></i> <i class=\"fa fa-circle-o\"></i> </td><td align=\"right\"><i class=\"fa fa-circle-o\"></i> <i class=\"fa fa-circle-o\"></i> </tr></table>\n|uhtml|bestof|<h2><strong>Game 1</strong> of <a href=\"/game-bestof3-gen9vgc2025regibo3-2354456982\">a best-of-3</a></h2>\n|t:|1746074469\n|gametype|doubles\n|player|p1|myshirtisdirty|102|1185\n|player|p2|fab concha vgc|169|1206\n|teamsize|p1|6\n|teamsize|p2|6\n|gen|9\n|tier|[Gen 9] VGC 2025 Reg I (Bo3)\n|rated|\n|rule|Species Clause: Limit one of each Pok\u00e9mon\n|rule|Item Clause: Limit 1 of each item\n|clearpoke\n|poke|p1|Koraidon, L50|\n|poke|p1|Lunala, L50|\n|poke|p1|Chi-Yu, L50|\n|poke|p1|Ursaluna, L50, F|\n|poke|p1|Brute Bonnet, L50|\n|poke|p1|Flutter Mane, L50|\n|poke|p2|Miraidon, L50|\n|poke|p2|Incineroar, L50, F|\n|poke|p2|Zamazenta-*, L50|\n|poke|p2|Chien-Pao, L50|\n|poke|p2|Iron Hands, L50|\n|poke|p2|Farigiraf, L50, F|\n|teampreview|4\n|showteam|p1|Koraidon||LifeOrb|OrichalcumPulse|FlareBlitz,FlameCharge,CloseCombat,Protect||||||50|,,,,,Fire]Lunala||PowerHerb|ShadowShield|MoongeistBeam,MeteorBeam,WideGuard,TrickRoom||||||50|,,,,,Water]Chi-Yu||ChoiceScarf|BeadsofRuin|Overheat,HeatWave,DarkPulse,Snarl||||||50|,,,,,Ghost]Ursaluna||FlameOrb|Guts|Facade,Earthquake,HeadlongRush,Protect|||F|||50|,,,,,Ghost]Brute Bonnet||CovertCloak|Protosynthesis|SeedBomb,SuckerPunch,Spore,RagePowder||||||50|,,,,,Water]Flutter Mane||FocusSash|Protosynthesis|Moonblast,IcyWind,ShadowBall,Protect||||||50|,,,,,Normal\n|showteam|p2|Miraidon||ChoiceSpecs|HadronEngine|ElectroDrift,DracoMeteor,VoltSwitch,DazzlingGleam||||||50|,,,,,Fairy]Incineroar||RockyHelmet|Intimidate|FakeOut,PartingShot,KnockOff,Taunt|||F|||50|,,,,,Ghost]Zamazenta-Crowned||RustedShield|DauntlessShield|WideGuard,BodyPress,HeavySlam,Protect||||||50|,,,,,Water]Chien-Pao||FocusSash|SwordofRuin|Protect,IcicleCrash,ThroatChop,SuckerPunch||||||50|,,,,,Ghost]Iron Hands||AssaultVest|QuarkDrive|FakeOut,DrainPunch,WildCharge,LowKick||||||50|,,,,,Bug]Farigiraf||ElectricSeed|ArmorTail|TrickRoom,FoulPlay,HelpingHand,Roar|||F|||50|,,,,,Water\n|inactive|Battle timer is ON: inactive players will automatically lose when time's up. (requested by fab concha vgc)\n|\n|t:|1746074525\n|start\n|switch|p1a: Koraidon|Koraidon, L50|100/100\n|switch|p1b: Brute Bonnet|Brute Bonnet, L50|100/100\n|switch|p2a: Zamazenta|Zamazenta-Crowned, L50, shiny|100/100\n|switch|p2b: Chien-Pao|Chien-Pao, L50|100/100\n|-weather|SunnyDay|[from] ability: Orichalcum Pulse|[of] p1a: Koraidon\n|-activate|p1b: Brute Bonnet|ability: Protosynthesis\n|-start|p1b: Brute Bonnet|protosynthesisdef\n|-activate|p1a: Koraidon|Orichalcum Pulse|[source]\n|-ability|p2b: Chien-Pao|Sword of Ruin\n|-ability|p2a: Zamazenta|Dauntless Shield|boost\n|-boost|p2a: Zamazenta|def|1\n|turn|1\n|inactive|myshirtisdirty has 30 seconds left.\n|inactive|fab concha vgc has 30 seconds left.\n|inactive|myshirtisdirty has 20 seconds left.\n|inactive|myshirtisdirty has 15 seconds left.\n|inactive|myshirtisdirty has 10 seconds left.\n|inactive|myshirtisdirty has 5 seconds left.\n|\n|t:|1746074577\n|-terastallize|p1b: Brute Bonnet|Water\n|move|p1a: Koraidon|Protect|p1a: Koraidon\n|-singleturn|p1a: Koraidon|Protect\n|move|p2b: Chien-Pao|Protect|p2b: Chien-Pao\n|-singleturn|p2b: Chien-Pao|Protect\n|move|p2a: Zamazenta|Protect|p2a: Zamazenta\n|-singleturn|p2a: Zamazenta|Protect\n|move|p1b: Brute Bonnet|Spore|p2a: Zamazenta\n|-activate|p2a: Zamazenta|move: Protect\n|\n|-weather|SunnyDay|[upkeep]\n|upkeep\n|turn|2\n|\n|t:|1746074597\n|switch|p2b: Miraidon|Miraidon, L50|100/100\n|-fieldstart|move: Electric Terrain|[from] ability: Hadron Engine|[of] p2b: Miraidon\n|-terastallize|p2a: Zamazenta|Water\n|move|p1a: Koraidon|Flame Charge|p2b: Miraidon\n|-resisted|p2b: Miraidon\n|-damage|p2b: Miraidon|82/100\n|-boost|p1a: Koraidon|spe|1\n|-damage|p1a: Koraidon|91/100|[from] item: Life Orb\n|move|p2a: Zamazenta|Body Press|p1a: Koraidon\n|-damage|p1a: Koraidon|22/100\n|move|p1b: Brute Bonnet|Spore|p2b: Miraidon\n|-activate|p2b: Miraidon|move: Electric Terrain\n|\n|-weather|SunnyDay|[upkeep]\n|upkeep\n|turn|3\n|j| swbthj\n|inactive|myshirtisdirty has 30 seconds left.\n|inactive|fab concha vgc has 30 seconds left.\n|l| swbthj\n|\n|t:|1746074633\n|switch|p2b: Iron Hands|Iron Hands, L50|100/100\n|-activate|p2b: Iron Hands|ability: Quark Drive\n|-start|p2b: Iron Hands|quarkdriveatk\n|move|p1a: Koraidon|Flare Blitz|p2b: Iron Hands\n|-damage|p2b: Iron Hands|18/100\n|-damage|p1a: Koraidon|0 fnt|[from] Recoil\n|faint|p1a: Koraidon\n|move|p2a: Zamazenta|Body Press|p1b: Brute Bonnet\n|-damage|p1b: Brute Bonnet|62/100\n|move|p1b: Brute Bonnet|Seed Bomb|p2a: Zamazenta\n|-supereffective|p2a: Zamazenta\n|-damage|p2a: Zamazenta|78/100\n|\n|-weather|SunnyDay|[upkeep]\n|upkeep\n|\n|t:|1746074650\n|switch|p1a: Lunala|Lunala, L50|100/100\n|turn|4\n|\n|t:|1746074667\n|move|p2a: Zamazenta|Protect|p2a: Zamazenta\n|-singleturn|p2a: Zamazenta|Protect\n|move|p1b: Brute Bonnet|Seed Bomb|p2b: Iron Hands\n|-damage|p2b: Iron Hands|0 fnt\n|faint|p2b: Iron Hands\n|-end|p2b: Iron Hands|Quark Drive|[silent]\n|move|p1a: Lunala|Trick Room|p1a: Lunala\n|-fieldstart|move: Trick Room|[of] p1a: Lunala\n|\n|-weather|SunnyDay|[upkeep]\n|upkeep\n|\n|t:|1746074678\n|switch|p2b: Miraidon|Miraidon, L50|82/100\n|-activate|p2b: Miraidon|ability: Hadron Engine\n|turn|5\n|\n|t:|1746074687\n|-end|p1b: Brute Bonnet|Protosynthesis|[silent]\n|switch|p1b: Ursaluna|Ursaluna, L50, F|100/100\n|move|p1a: Lunala|Meteor Beam||[still]\n|-prepare|p1a: Lunala|Meteor Beam\n|-boost|p1a: Lunala|spa|1\n|-enditem|p1a: Lunala|Power Herb\n|-anim|p1a: Lunala|Meteor Beam|p2a: Zamazenta\n|-damage|p2a: Zamazenta|29/100\n|move|p2a: Zamazenta|Heavy Slam|p1a: Lunala\n|-damage|p1a: Lunala|82/100\n|move|p2b: Miraidon|Electro Drift|p1a: Lunala\n|-damage|p1a: Lunala|0 fnt\n|faint|p1a: Lunala\n|\n|-weather|none\n|-status|p1b: Ursaluna|brn|[from] item: Flame Orb\n|upkeep\n|-message|fab concha vgc forfeited.\n|\n|win|myshirtisdirty\n|l|\u2606fab concha vgc\n|player|p2|\n||fab concha vgc is ready for game 2.\n||myshirtisdirty is ready for game 2.\n|uhtml|next|Next: <a href=\"/battle-gen9vgc2025regibo3-2354458455\"><strong>Game 2 of 3</strong></a>\n", "uploadtime": 1746075012, "views": 12, "formatid": "gen9vgc2025regibo3", "rating": null, "private": 0, "password": null}