{"id": "gen9vgc2025regibo3-2353756351", "format": "[Gen 9] VGC 2025 Reg I (Bo3)", "players": ["Doncognetta", "Sludgy Booties"], "log": "|j|\u2606Doncognetta\n|j|\u203dSludgy Booties\n|html|<table width=\"100%\"><tr><td align=\"left\">Doncognetta</td><td align=\"right\">Sludgy Booties</tr><tr><td align=\"left\"><i class=\"fa fa-circle-o\"></i> <i class=\"fa fa-circle-o\"></i> </td><td align=\"right\"><i class=\"fa fa-circle-o\"></i> <i class=\"fa fa-circle-o\"></i> </tr></table>\n|uhtml|bestof|<h2><strong>Game 1</strong> of <a href=\"/game-bestof3-gen9vgc2025regibo3-2353756350\">a best-of-3</a></h2>\n|t:|1745994673\n|gametype|doubles\n|player|p1|Doncognetta|gentleman-gen4|1066\n|player|p2|Sludgy Booties|170|1020\n|teamsize|p1|6\n|teamsize|p2|6\n|gen|9\n|tier|[Gen 9] VGC 2025 Reg I (Bo3)\n|rated|\n|rule|Species Clause: Limit one of each Pok\u00e9mon\n|rule|Item Clause: Limit 1 of each item\n|clearpoke\n|poke|p1|Weezing-Galar, L50, M|\n|poke|p1|Calyrex-Shadow, L50|\n|poke|p1|Koraidon, L50|\n|poke|p1|Chi-Yu, L50|\n|poke|p1|Whimsicott, L50, M|\n|poke|p1|Indeedee-F, L50, F|\n|poke|p2|Groudon, L50|\n|poke|p2|Oranguru, L50, F|\n|poke|p2|Lilligant-Hisui, L50, F|\n|poke|p2|Charizard, L50, M|\n|poke|p2|Moltres-Galar, L50|\n|poke|p2|Cacturne, L50, M|\n|teampreview|4\n|showteam|p1|Weezing-Galar||SitrusBerry|NeutralizingGas|WillOWisp,Taunt,StrangeSteam,Protect|||M|||50|,,,,,Grass]Calyrex-Shadow||LifeOrb|AsOneSpectrier|AstralBarrage,ExpandingForce,TeraBlast,Protect||||||50|,,,,,Fighting]Koraidon||AbilityShield|OrichalcumPulse|CloseCombat,FlareBlitz,DragonClaw,Protect||||||50|,,,,,Fire]Chi-Yu||ChoiceScarf|BeadsofRuin|Overheat,Snarl,DarkPulse,HeatWave||||||50|,,,,,Ghost]Whimsicott||CovertCloak|Prankster|Tailwind,HelpingHand,Moonblast,Encore|||M|||50|,,,,,Dark]Indeedee-F||RockyHelmet|PsychicSurge|FollowMe,HelpingHand,Imprison,TrickRoom|||F|||50|,,,,,Fairy\n|showteam|p2|Groudon||CovertCloak|Drought|PrecipiceBlades,RockSlide,Eruption,DragonPulse||||||50|,,,,,Fire]Oranguru||LaggingTail|InnerFocus|Instruct,Trick,ExpandingForce,HyperVoice|||F|||50|,,,,,Normal]Lilligant-Hisui||ChoiceScarf|Chlorophyll|AfterYou|||F|||50|,,,,,Flying]Charizard||ChoiceSpecs|SolarPower|HeatWave,Flamethrower,AncientPower,TeraBlast|||M|||50|,,,,,Poison]Moltres-Galar||DreadPlate|Berserk|SuckerPunch,FieryWrath,HelpingHand,LashOut||||||50|,,,,,Dark]Cacturne||Leftovers|WaterAbsorb|LeechSeed,SpikyShield,DrainPunch,SuckerPunch|||M|||50|,,,,,Ground\n|\n|t:|1745994701\n|start\n|switch|p1a: Kernkraftwerk|Weezing-Galar, L50, M|100/100\n|switch|p1b: Hagen Haien|Calyrex-Shadow, L50|100/100\n|switch|p2a: Oranguru|Oranguru, L50, F, shiny|100/100\n|switch|p2b: Charizard|Charizard, L50, M|100/100\n|-ability|p1a: Kernkraftwerk|Neutralizing Gas\n|-ability|p1b: Hagen Haien|As One\n|-ability|p1b: Hagen Haien|Unnerve\n|turn|1\n|inactive|Battle timer is ON: inactive players will automatically lose when time's up. (requested by Sludgy Booties)\n|\n|t:|1745994730\n|move|p1b: Hagen Haien|Astral Barrage|p2b: Charizard|[spread] p2b\n|-immune|p2a: Oranguru\n|-damage|p2b: Charizard|6/100\n|-damage|p1b: Hagen Haien|91/100|[from] item: Life Orb\n|move|p2b: Charizard|Heat Wave|p1a: Kernkraftwerk|[spread] p1a,p1b\n|-damage|p1a: Kernkraftwerk|45/100\n|-damage|p1b: Hagen Haien|38/100\n|-enditem|p1a: Kernkraftwerk|Sitrus Berry|[eat]\n|-heal|p1a: Kernkraftwerk|70/100|[from] item: Sitrus Berry\n|move|p1a: Kernkraftwerk|Taunt|p2a: Oranguru\n|-start|p2a: Oranguru|move: Taunt\n|cant|p2a: Oranguru|move: Taunt|Trick\n|\n|upkeep\n|turn|2\n|inactive|Doncognetta has 30 seconds left.\n|\n|t:|1745994762\n|move|p1b: Hagen Haien|Expanding Force|p2a: Oranguru\n|-resisted|p2a: Oranguru\n|-damage|p2a: Oranguru|72/100\n|-damage|p1b: Hagen Haien|29/100|[from] item: Life Orb\n|move|p2b: Charizard|Heat Wave|p1b: Hagen Haien|[spread] p1a,p1b\n|-damage|p1a: Kernkraftwerk|22/100\n|-damage|p1b: Hagen Haien|0 fnt\n|faint|p1b: Hagen Haien\n|move|p1a: Kernkraftwerk|Strange Steam|p2b: Charizard\n|-resisted|p2b: Charizard\n|-damage|p2b: Charizard|0 fnt\n|faint|p2b: Charizard\n|move|p2a: Oranguru|Expanding Force|p1a: Kernkraftwerk\n|-supereffective|p1a: Kernkraftwerk\n|-damage|p1a: Kernkraftwerk|0 fnt\n|faint|p1a: Kernkraftwerk\n|-end|p1a: Kernkraftwerk|ability: Neutralizing Gas\n|\n|upkeep\n|\n|t:|1745994779\n|switch|p1b: Turbogeiler Barsch|Chi-Yu, L50|100/100\n|switch|p2b: Groudon|Groudon, L50, shiny|100/100\n|switch|p1a: Kleine Donna|Indeedee-F, L50, F|100/100\n|-ability|p1b: Turbogeiler Barsch|Beads of Ruin\n|-fieldstart|move: Psychic Terrain|[from] ability: Psychic Surge|[of] p1a: Kleine Donna\n|-weather|SunnyDay|[from] ability: Drought|[of] p2b: Groudon\n|turn|3\n|\n|t:|1745994793\n|move|p1a: Kleine Donna|Helping Hand|p1b: Turbogeiler Barsch\n|-singleturn|p1b: Turbogeiler Barsch|Helping Hand|[of] p1a: Kleine Donna\n|move|p1b: Turbogeiler Barsch|Heat Wave|p2b: Groudon|[spread] p2a,p2b\n|-damage|p2a: Oranguru|0 fnt\n|-damage|p2b: Groudon|0 fnt\n|faint|p2a: Oranguru\n|faint|p2b: Groudon\n|\n|-weather|SunnyDay|[upkeep]\n|upkeep\n|-message|Sludgy Booties forfeited.\n|raw|Doncognetta's rating: 1066 &rarr; <strong>1092</strong><br />(+26 for winning)\n|raw|Sludgy Booties's rating: 1020 &rarr; <strong>1009</strong><br />(-11 for losing)\n|\n|win|Doncognetta\n|l|\u203dSludgy Booties\n|player|p2|\n|l|\u2606Doncognetta\n|player|p1|\n", "uploadtime": 1745995200, "views": 6, "formatid": "gen9vgc2025regibo3", "rating": 1009, "private": 0, "password": null}