{"id": "gen9vgc2025regibo3-2353970628", "format": "[Gen 9] VGC 2025 Reg I (Bo3)", "players": ["put4psoe", "1nsomni4"], "log": "|j|\u2606put4psoe\n|j|\u26061nsomni4\n|html|<table width=\"100%\"><tr><td align=\"left\">put4psoe</td><td align=\"right\">1nsomni4</tr><tr><td align=\"left\"><i class=\"fa fa-circle-o\"></i> <i class=\"fa fa-circle-o\"></i> </td><td align=\"right\"><i class=\"fa fa-circle-o\"></i> <i class=\"fa fa-circle-o\"></i> </tr></table>\n|uhtml|bestof|<h2><strong>Game 1</strong> of <a href=\"/game-bestof3-gen9vgc2025regibo3-2353970627\">a best-of-3</a></h2>\n|t:|1746023730\n|gametype|doubles\n|player|p1|put4psoe|2|\n|player|p2|1nsomni4|miku-ghost|\n|teamsize|p1|6\n|teamsize|p2|6\n|gen|9\n|tier|[Gen 9] VGC 2025 Reg I (Bo3)\n|rule|Species Clause: Limit one of each Pok\u00e9mon\n|rule|Item Clause: Limit 1 of each item\n|clearpoke\n|poke|p1|Terapagos, L50, M|\n|poke|p1|Calyrex-Shadow, L50|\n|poke|p1|Incineroar, L50, M|\n|poke|p1|Rillaboom, L50, M|\n|poke|p1|Amoonguss, L50, M|\n|poke|p1|Urshifu-*, L50, F|\n|poke|p2|Koraidon, L50|\n|poke|p2|Calyrex-Shadow, L50|\n|poke|p2|Chi-Yu, L50|\n|poke|p2|Weezing-Galar, L50, F|\n|poke|p2|Dondozo, L50, M|\n|poke|p2|Tatsugiri-Droopy, L50, F|\n|teampreview|4\n|showteam|p1|Terapagos||Leftovers|TeraShift|Protect,TeraStarstorm,EarthPower,CalmMind|||M|||50|,,,,,Stellar]Calyrex-Shadow||FocusSash|AsOneSpectrier|Protect,AstralBarrage,Encore,Disable||||||50|,,,,,Ghost]Incineroar||SafetyGoggles|Intimidate|KnockOff,PartingShot,WillOWisp,FakeOut|||M|||50|,,,,,Bug]Rillaboom||AssaultVest|GrassySurge|WoodHammer,GrassyGlide,Uturn,FakeOut|||M|||50|,,,,,Fire]Amoonguss||RockyHelmet|Regenerator|Protect,Spore,RagePowder,SludgeBomb|||M|||50|,,,,,Water]Urshifu-Rapid-Strike||ChoiceScarf|UnseenFist|SurgingStrikes,CloseCombat,Coaching,Uturn|||F|||50|,,,,,Water\n|showteam|p2|Koraidon||AbilityShield|OrichalcumPulse|CollisionCourse,DragonClaw,FlareBlitz,Protect||||||50|,,,,,Fire]Calyrex-Shadow||FocusSash|AsOneSpectrier|AstralBarrage,Psychic,Encore,Protect||||||50|,,,,,Ghost]Chi-Yu||ChoiceScarf|BeadsofRuin|DarkPulse,Snarl,HeatWave,Overheat||||||50|,,,,,Ghost]Weezing-Galar||CovertCloak|NeutralizingGas|ToxicSpikes,StrangeSteam,Taunt,Protect|||F|||50|,,,,,Dark]Dondozo||Leftovers|Unaware|WaveCrash,OrderUp,BodyPress,Protect|||M|||50|,,,,,Grass]Tatsugiri-Droopy||SafetyGoggles|Commander|MuddyWater,DracoMeteor,HelpingHand,Protect|||F|||50|,,,,,Ghost\n|inactive|Battle timer is ON: inactive players will automatically lose when time's up. (requested by 1nsomni4)\n|inactive|1nsomni4 has 60 seconds left.\n|\n|t:|1746023775\n|start\n|switch|p1a: Incineroar|Incineroar, L50, M|100/100\n|switch|p1b: Calyrex|Calyrex-Shadow, L50|100/100\n|switch|p2a: Weezing|Weezing-Galar, L50, F|100/100\n|switch|p2b: Koraidon|Koraidon, L50|100/100\n|-ability|p2a: Weezing|Neutralizing Gas\n|-block|p2b: Koraidon|item: Ability Shield\n|-ability|p1b: Calyrex|As One\n|-ability|p1b: Calyrex|Unnerve\n|-weather|SunnyDay|[from] ability: Orichalcum Pulse|[of] p2b: Koraidon\n|-activate|p2b: Koraidon|Orichalcum Pulse|[source]\n|turn|1\n|\n|t:|1746023797\n|move|p1a: Incineroar|Fake Out|p2b: Koraidon\n|-damage|p2b: Koraidon|90/100\n|move|p1b: Calyrex|Astral Barrage|p2b: Koraidon|[spread] p2a,p2b\n|-damage|p2a: Weezing|48/100\n|-damage|p2b: Koraidon|33/100\n|cant|p2b: Koraidon|flinch\n|move|p2a: Weezing|Toxic Spikes|p1a: Incineroar\n|-sidestart|p1: put4psoe|move: Toxic Spikes\n|\n|-weather|SunnyDay|[upkeep]\n|upkeep\n|turn|2\n|\n|t:|1746023822\n|switch|p2b: Chi-Yu|Chi-Yu, L50|100/100\n|move|p1b: Calyrex|Astral Barrage|p2b: Chi-Yu|[spread] p2a,p2b\n|-resisted|p2b: Chi-Yu\n|-damage|p2a: Weezing|0 fnt\n|-damage|p2b: Chi-Yu|66/100\n|faint|p2a: Weezing\n|-end|p2a: Weezing|ability: Neutralizing Gas\n|-ability|p2b: Chi-Yu|Beads of Ruin\n|-ability|p1a: Incineroar|Intimidate|boost\n|-unboost|p2b: Chi-Yu|atk|1\n|-ability|p1b: Calyrex|Grim Neigh|boost\n|-boost|p1b: Calyrex|spa|1\n|move|p1a: Incineroar|Knock Off|p2b: Chi-Yu\n|-resisted|p2b: Chi-Yu\n|-damage|p2b: Chi-Yu|34/100\n|-enditem|p2b: Chi-Yu|Choice Scarf|[from] move: Knock Off|[of] p1a: Incineroar\n|\n|-weather|SunnyDay|[upkeep]\n|upkeep\n|-message|1nsomni4 forfeited.\n|\n|win|put4psoe\n|l|\u26061nsomni4\n|player|p2|\n||put4psoe is ready for game 2.\n||1nsomni4 is ready for game 2.\n|uhtml|next|Next: <a href=\"/battle-gen9vgc2025regibo3-2353971857\"><strong>Game 2 of 3</strong></a>\n", "uploadtime": 1746024194, "views": 23, "formatid": "gen9vgc2025regibo3", "rating": null, "private": 0, "password": null}