{"id": "gen9vgc2025regibo3-2354306058", "format": "[Gen 9] VGC 2025 Reg I (Bo3)", "players": ["nintendoswitch200", "Beater Borker"], "log": "|j|\u2606nintendoswitch200\n|j|\u2606Beater Borker\n|html|<table width=\"100%\"><tr><td align=\"left\">nintendoswitch200</td><td align=\"right\">Beater Borker</tr><tr><td align=\"left\"><i class=\"fa fa-circle\"></i> <i class=\"fa fa-circle-o\"></i> </td><td align=\"right\"><i class=\"fa fa-circle-o\"></i> <i class=\"fa fa-circle\"></i> </tr></table>\n|uhtml|bestof|<h2><strong>Game 3</strong> of <a href=\"/game-bestof3-gen9vgc2025regibo3-2354299699\">a best-of-3</a></h2>\n|t:|1746055315\n|gametype|doubles\n|player|p1|nintendoswitch200|turo|1022\n|player|p2|Beater Borker|101|1102\n|teamsize|p1|6\n|teamsize|p2|6\n|gen|9\n|tier|[Gen 9] VGC 2025 Reg I (Bo3)\n|rated|\n|rule|Species Clause: Limit one of each Pok\u00e9mon\n|rule|Item Clause: Limit 1 of each item\n|clearpoke\n|poke|p1|Urshifu-*, L50, M|\n|poke|p1|Incineroar, L50, F|\n|poke|p1|Calyrex-Shadow, L50|\n|poke|p1|Farigiraf, L50, F|\n|poke|p1|Rillaboom, L50, F|\n|poke|p1|Zamazenta-*, L50|\n|poke|p2|Miraidon, L50|\n|poke|p2|Calyrex-Ice, L50|\n|poke|p2|Ogerpon-Cornerstone, L50, F|\n|poke|p2|Iron Hands, L50|\n|poke|p2|Farigiraf, L50, M|\n|poke|p2|Urshifu-*, L50, F|\n|teampreview|4\n|showteam|p1|Urshifu-Rapid-Strike||FocusSash|UnseenFist|Detect,SurgingStrikes,CloseCombat,AquaJet|||M|||50|,,,,,Stellar]Incineroar||SafetyGoggles|Intimidate|FakeOut,PartingShot,FlareBlitz,KnockOff|||F|||50|,,,,,Ghost]Calyrex-Shadow||CovertCloak|AsOneSpectrier|Protect,NastyPlot,AstralBarrage,Psyshock||||||50|,,,,,Water]Farigiraf||ThroatSpray|ArmorTail|Protect,TrickRoom,HyperVoice,Psychic|||F|||50|,,,,,Grass]Rillaboom||AssaultVest|GrassySurge|FakeOut,GrassyGlide,WoodHammer,Uturn|||F|||50|,,,,,Fire]Zamazenta-Crowned||RustedShield|DauntlessShield|Protect,BodyPress,WideGuard,HeavySlam||||||50|,,,,,Fairy\n|showteam|p2|Miraidon||ChoiceSpecs|HadronEngine|ElectroDrift,VoltSwitch,DazzlingGleam,DracoMeteor||||||50|,,,,,Fairy]Calyrex-Ice||ClearAmulet|AsOneGlastrier|GlacialLance,HighHorsepower,TrickRoom,Protect||||||50|,,,,,Fire]Ogerpon-Cornerstone||CornerstoneMask|Sturdy|IvyCudgel,HornLeech,SpikyShield,FollowMe|||F|||50|,,,,,Rock]Iron Hands||AssaultVest|QuarkDrive|DrainPunch,WildCharge,FakeOut,LowKick||||||50|,,,,,Bug]Farigiraf||ElectricSeed|ArmorTail|FoulPlay,Psychic,HelpingHand,TrickRoom|||M|||50|,,,,,Grass]Urshifu-Rapid-Strike||FocusSash|UnseenFist|SurgingStrikes,CloseCombat,AquaJet,Detect|||F|||50|,,,,,Water\n|inactive|Battle timer is ON: inactive players will automatically lose when time's up. (requested by nintendoswitch200)\n|inactive|Beater Borker has 60 seconds left.\n|\n|t:|1746055350\n|start\n|switch|p1a: Calyrex|Calyrex-Shadow, L50|100/100\n|switch|p1b: Rillaboom|Rillaboom, L50, F|100/100\n|switch|p2a: Ogerpon|Ogerpon-Cornerstone, L50, F|100/100\n|switch|p2b: Calyrex|Calyrex-Ice, L50|100/100\n|-ability|p1a: Calyrex|As One\n|-ability|p1a: Calyrex|Unnerve\n|-ability|p2b: Calyrex|As One\n|-ability|p2b: Calyrex|Unnerve\n|-fieldstart|move: Grassy Terrain|[from] ability: Grassy Surge|[of] p1b: Rillaboom\n|turn|1\n|inactive|nintendoswitch200 has 30 seconds left.\n|inactive|Beater Borker has 30 seconds left.\n|inactive|Beater Borker has 20 seconds left.\n|inactive|Beater Borker has 15 seconds left.\n|\n|t:|1746055397\n|switch|p2a: Miraidon|Miraidon, L50|100/100\n|-fieldstart|move: Electric Terrain|[from] ability: Hadron Engine|[of] p2a: Miraidon\n|-terastallize|p1a: Calyrex|Water\n|move|p1a: Calyrex|Astral Barrage|p2b: Calyrex|[spread] p2a,p2b\n|-supereffective|p2b: Calyrex\n|-damage|p2a: Miraidon|56/100\n|-damage|p2b: Calyrex|33/100\n|move|p1b: Rillaboom|U-turn|p2b: Calyrex\n|-supereffective|p2b: Calyrex\n|-damage|p2b: Calyrex|8/100\n|\n|t:|1746055403\n|switch|p1b: Incineroar|Incineroar, L50, F|100/100|[from] U-turn\n|-ability|p1b: Incineroar|Intimidate|boost\n|-unboost|p2a: Miraidon|atk|1\n|-fail|p2b: Calyrex|unboost|[from] item: Clear Amulet|[of] p2b: Calyrex\n|move|p2b: Calyrex|Glacial Lance|p1a: Calyrex|[spread] p1a,p1b\n|-resisted|p1a: Calyrex\n|-resisted|p1b: Incineroar\n|-damage|p1a: Calyrex|67/100\n|-damage|p1b: Incineroar|77/100\n|\n|upkeep\n|turn|2\n|-message|Beater Borker forfeited.\n|\n|win|nintendoswitch200\n|raw|nintendoswitch200's rating: 1022 &rarr; <strong>1067</strong><br />(+45 for winning)\n|raw|Beater Borker's rating: 1102 &rarr; <strong>1071</strong><br />(-31 for losing)\n|l|\u2606Beater Borker\n|player|p2|\n", "uploadtime": 1746055418, "views": 7, "formatid": "gen9vgc2025regibo3", "rating": 1067, "private": 0, "password": null}