{"id": "gen9vgc2025regibo3-2354081443", "format": "[Gen 9] VGC 2025 Reg I (Bo3)", "players": ["spl1702013", "poikmna"], "log": "|j|\u2606spl1702013\n|j|\u2606poikmna\n|html|<table width=\"100%\"><tr><td align=\"left\">spl1702013</td><td align=\"right\">poikmna</tr><tr><td align=\"left\"><i class=\"fa fa-circle-o\"></i> <i class=\"fa fa-circle-o\"></i> </td><td align=\"right\"><i class=\"fa fa-circle-o\"></i> <i class=\"fa fa-circle-o\"></i> </tr></table>\n|uhtml|bestof|<h2><strong>Game 1</strong> of <a href=\"/game-bestof3-gen9vgc2025regibo3-2354081442\">a best-of-3</a></h2>\n|t:|1746033250\n|gametype|doubles\n|player|p1|spl1702013|266|1102\n|player|p2|poikmna|102|1022\n|teamsize|p1|6\n|teamsize|p2|6\n|gen|9\n|tier|[Gen 9] VGC 2025 Reg I (Bo3)\n|rated|\n|rule|Species Clause: Limit one of each Pok\u00e9mon\n|rule|Item Clause: Limit 1 of each item\n|clearpoke\n|poke|p1|Lunala, L50|\n|poke|p1|Koraidon, L50|\n|poke|p1|Brute Bonnet, L50|\n|poke|p1|Chi-Yu, L50|\n|poke|p1|Flutter Mane, L50|\n|poke|p1|Indeedee-F, L50, F|\n|poke|p2|Baxcalibur, L50, M|\n|poke|p2|Clefairy, L50, F|\n|poke|p2|Metagross, L50|\n|poke|p2|Archaludon, L50, M|\n|poke|p2|Conkeldurr, L50, M|\n|poke|p2|Ampharos, L50, M|\n|teampreview|4\n|showteam|p1|Lunala||PowerHerb|ShadowShield|WideGuard,ExpandingForce,MoongeistBeam,MeteorBeam||||||50|,,,,,Water]Koraidon||LifeOrb|OrichalcumPulse|Protect,CloseCombat,FlameCharge,FlareBlitz||||||50|,,,,,Fire]Brute Bonnet||CovertCloak|Protosynthesis|SuckerPunch,RagePowder,SeedBomb,Spore||||||50|,,,,,Water]Chi-Yu||ChoiceScarf|BeadsofRuin|Flamethrower,HeatWave,DarkPulse,Snarl||||||50|,,,,,Fire]Flutter Mane||FocusSash|Protosynthesis|IcyWind,Moonblast,ShadowBall,Protect||||||50|,,,,,Normal]Indeedee-F||RockyHelmet|PsychicSurge|HelpingHand,FollowMe,TrickRoom,AlluringVoice|||F|||50|,,,,,Water\n|showteam|p2|Baxcalibur||ChoiceScarf|ThermalExchange|IcicleCrash,GlaiveRush,IceShard,Protect|||M|||50|,,,,,Dragon]Clefairy||Eviolite|CuteCharm|Moonlight,LifeDew,FollowMe,CosmicPower|||F|||50|,,,,,Fairy]Metagross||WeaknessPolicy|ClearBody|BulletPunch,MeteorMash,ZenHeadbutt,Protect||||||50|,,,,,Steel]Archaludon||FocusSash|Stamina|DracoMeteor,AuraSphere,FlashCannon,Protect|||M|||50|,,,,,Steel]Conkeldurr||AssaultVest|IronFist|Counter,BulkUp,BrickBreak,CloseCombat|||M|||50|,,,,,Fighting]Ampharos||SitrusBerry|Static|ThunderWave,HelpingHand,LightScreen,Reflect|||M|||50|,,,,,Electric\n|c|\u2606spl1702013|gl hf\n|\n|t:|1746033270\n|start\n|switch|p1a: Koraidon|Koraidon, L50|100/100\n|switch|p1b: Chi-Yu|Chi-Yu, L50|100/100\n|switch|p2a: Metagross|Metagross, L50|100/100\n|switch|p2b: Clefairy|Clefairy, L50, F|100/100\n|-ability|p1b: Chi-Yu|Beads of Ruin\n|-weather|SunnyDay|[from] ability: Orichalcum Pulse|[of] p1a: Koraidon\n|-activate|p1a: Koraidon|Orichalcum Pulse|[source]\n|turn|1\n|inactive|Battle timer is ON: inactive players will automatically lose when time's up. (requested by spl1702013)\n|inactive|poikmna has 60 seconds left.\n|\n|t:|1746033352\n|-terastallize|p1b: Chi-Yu|Fire\n|move|p2b: Clefairy|Follow Me|p2b: Clefairy\n|-singleturn|p2b: Clefairy|move: Follow Me\n|move|p1b: Chi-Yu|Heat Wave|p2b: Clefairy|[spread] p2a,p2b\n|-supereffective|p2a: Metagross\n|-damage|p2a: Metagross|0 fnt\n|-damage|p2b: Clefairy|43/100\n|faint|p2a: Metagross\n|move|p1a: Koraidon|Flame Charge|p2b: Clefairy\n|-damage|p2b: Clefairy|0 fnt\n|-boost|p1a: Koraidon|spe|1\n|faint|p2b: Clefairy\n|-damage|p1a: Koraidon|91/100|[from] item: Life Orb\n|\n|-weather|SunnyDay|[upkeep]\n|upkeep\n|\n|t:|1746033357\n|switch|p2a: Archaludon|Archaludon, L50, M|100/100\n|switch|p2b: Ampharos|Ampharos, L50, M|100/100\n|turn|2\n|\n|t:|1746033366\n|move|p1a: Koraidon|Close Combat|p2a: Archaludon\n|-supereffective|p2a: Archaludon\n|-enditem|p2a: Archaludon|Focus Sash\n|-damage|p2a: Archaludon|1/100\n|-unboost|p1a: Koraidon|def|1\n|-unboost|p1a: Koraidon|spd|1\n|-ability|p2a: Archaludon|Stamina|boost\n|-boost|p2a: Archaludon|def|1\n|-damage|p1a: Koraidon|81/100|[from] item: Life Orb\n|move|p1b: Chi-Yu|Heat Wave|p2a: Archaludon|[spread] p2a,p2b\n|-damage|p2a: Archaludon|0 fnt\n|-damage|p2b: Ampharos|28/100\n|-enditem|p2b: Ampharos|Sitrus Berry|[eat]\n|-heal|p2b: Ampharos|53/100|[from] item: Sitrus Berry\n|faint|p2a: Archaludon\n|move|p2b: Ampharos|Thunder Wave|p1b: Chi-Yu\n|-status|p1b: Chi-Yu|par\n|\n|-weather|SunnyDay|[upkeep]\n|upkeep\n|turn|3\n|\n|t:|1746033381\n|-terastallize|p2b: Ampharos|Electric\n|move|p1a: Koraidon|Close Combat|p2b: Ampharos\n|-damage|p2b: Ampharos|0 fnt\n|-unboost|p1a: Koraidon|def|1\n|-unboost|p1a: Koraidon|spd|1\n|-status|p1a: Koraidon|par|[from] ability: Static|[of] p2b: Ampharos\n|faint|p2b: Ampharos\n|-damage|p1a: Koraidon|72/100 par|[from] item: Life Orb\n|\n|win|spl1702013\n||spl1702013 is ready for game 2.\n|l|\u2606spl1702013\n|player|p1|\n|l|\u2606poikmna\n|player|p2|\n|j|\u2606spl1702013\n|player|p1|spl1702013|266|\n|inactive|poikmna has 30 seconds to confirm battle start!\n|l|\u2606spl1702013\n|player|p1|\n|inactive|poikmna has 20 seconds to confirm battle start!\n|inactive|poikmna has 10 seconds to confirm battle start!\n|uhtml|next|Next: <a href=\"/battle-gen9vgc2025regibo3-2354083470\"><strong>Game 2 of 3</strong></a>\n", "uploadtime": 1746033685, "views": 6, "formatid": "gen9vgc2025regibo3", "rating": null, "private": 0, "password": null}