{"id": "gen9vgc2025regibo3-2353565309", "format": "[Gen 9] VGC 2025 Reg I (Bo3)", "players": ["miraidons the goat", "cafeycigarro"], "log": "|j|\u2606miraidons the goat\n|j|\u2606cafeycigarro\n|html|<table width=\"100%\"><tr><td align=\"left\">miraidons the goat</td><td align=\"right\">cafeycigarro</tr><tr><td align=\"left\"><i class=\"fa fa-circle-o\"></i> <i class=\"fa fa-circle-o\"></i> </td><td align=\"right\"><i class=\"fa fa-circle-o\"></i> <i class=\"fa fa-circle\"></i> </tr></table>\n|uhtml|bestof|<h2><strong>Game 2</strong> of <a href=\"/game-bestof3-gen9vgc2025regibo3-2353563635\">a best-of-3</a></h2>\n|t:|1745968971\n|gametype|doubles\n|player|p1|miraidons the goat|lisia-masters|1236\n|player|p2|cafeycigarro|youngn|1231\n|teamsize|p1|6\n|teamsize|p2|6\n|gen|9\n|tier|[Gen 9] VGC 2025 Reg I (Bo3)\n|rated|\n|rule|Species Clause: Limit one of each Pok\u00e9mon\n|rule|Item Clause: Limit 1 of each item\n|clearpoke\n|poke|p1|Calyrex-Shadow, L50|\n|poke|p1|Koraidon, L50|\n|poke|p1|Chi-Yu, L50|\n|poke|p1|Indeedee-F, L50, F|\n|poke|p1|Whimsicott, L50, F|\n|poke|p1|Ditto, L50|\n|poke|p2|Miraidon, L50|\n|poke|p2|Whimsicott, L50, M|\n|poke|p2|Farigiraf, L50, M|\n|poke|p2|Iron Hands, L50|\n|poke|p2|Calyrex-Shadow, L50|\n|poke|p2|Chi-Yu, L50|\n|teampreview|4\n|showteam|p1|Calyrex-Shadow||ChoiceSpecs|AsOneSpectrier|AstralBarrage,ExpandingForce,PollenPuff,Psyshock||||||50|,,,,,Dark]Koraidon||LifeOrb|OrichalcumPulse|CloseCombat,FlareBlitz,DragonClaw,Protect||||||50|,,,,,Fire]Chi-Yu||ChoiceScarf|BeadsofRuin|Snarl,DarkPulse,HeatWave,Overheat||||||50|,,,,,Fire]Indeedee-F||PsychicSeed|PsychicSurge|FollowMe,TrickRoom,HelpingHand,ShadowBall|||F|||50|,,,,,Steel]Whimsicott||CovertCloak|Prankster|Tailwind,Encore,Moonblast,SunnyDay|||F|||50|,,,,,Dark]Ditto||FocusSash|Imposter|Transform||||||50|,,,,,Ghost\n|showteam|p2|Miraidon||ChoiceSpecs|HadronEngine|ElectroDrift,DracoMeteor,VoltSwitch,DazzlingGleam||||||50|,,,,,Fairy]Whimsicott||CovertCloak|Prankster|Tailwind,Encore,LightScreen,Moonblast|||M|||50|,,,,,Dark]Farigiraf||ElectricSeed|ArmorTail|Psychic,FoulPlay,HelpingHand,TrickRoom|||M|||50|,,,,,Dark]Iron Hands||AssaultVest|QuarkDrive|LowKick,DrainPunch,WildCharge,FakeOut||||||50|,,,,,Water]Calyrex-Shadow||FocusSash|AsOneSpectrier|AstralBarrage,ExpandingForce,PollenPuff,Protect||||||50|,,,,,Ghost]Chi-Yu||ChoiceScarf|BeadsofRuin|Snarl,Overheat,DarkPulse,HeatWave||||||50|,,,,,Ghost\n|inactive|Battle timer is ON: inactive players will automatically lose when time's up. (requested by cafeycigarro)\n|inactive|cafeycigarro has 60 seconds left.\n|\n|t:|1745969013\n|start\n|switch|p1a: ghold fish|Chi-Yu, L50|100/100\n|switch|p1b: better bike|Koraidon, L50|100/100\n|switch|p2a: Calyrex|Calyrex-Shadow, L50|100/100\n|switch|p2b: Chi-Yu|Chi-Yu, L50|100/100\n|-ability|p2a: Calyrex|As One\n|-ability|p2a: Calyrex|Unnerve\n|-ability|p1a: ghold fish|Beads of Ruin\n|-ability|p2b: Chi-Yu|Beads of Ruin\n|-weather|SunnyDay|[from] ability: Orichalcum Pulse|[of] p1b: better bike\n|-activate|p1b: better bike|Orichalcum Pulse|[source]\n|turn|1\n|inactive|cafeycigarro has 30 seconds left.\n|\n|t:|1745969038\n|move|p2a: Calyrex|Protect|p2a: Calyrex\n|-singleturn|p2a: Calyrex|Protect\n|move|p1a: ghold fish|Snarl|p2a: Calyrex|[spread] p2b\n|-activate|p2a: Calyrex|move: Protect\n|-resisted|p2b: Chi-Yu\n|-damage|p2b: Chi-Yu|87/100\n|-unboost|p2b: Chi-Yu|spa|1\n|move|p2b: Chi-Yu|Heat Wave|p1b: better bike|[spread] p1a,p1b\n|-resisted|p1a: ghold fish\n|-resisted|p1b: better bike\n|-damage|p1a: ghold fish|75/100\n|-damage|p1b: better bike|73/100\n|move|p1b: better bike|Dragon Claw|p2b: Chi-Yu\n|-damage|p2b: Chi-Yu|0 fnt\n|faint|p2b: Chi-Yu\n|-damage|p1b: better bike|63/100|[from] item: Life Orb\n|\n|-weather|SunnyDay|[upkeep]\n|upkeep\n|\n|t:|1745969044\n|switch|p2b: Whimsicott|Whimsicott, L50, M|100/100\n|turn|2\n|inactive|cafeycigarro has 30 seconds left.\n|inactive|cafeycigarro has 20 seconds left.\n|inactive|cafeycigarro has 15 seconds left.\n|\n|t:|1745969087\n|-terastallize|p2a: Calyrex|Ghost\n|move|p2b: Whimsicott|Tailwind|p2b: Whimsicott\n|-sidestart|p2: cafeycigarro|move: Tailwind\n|move|p2a: Calyrex|Astral Barrage|p1a: ghold fish|[spread] p1a,p1b\n|-resisted|p1a: ghold fish\n|-damage|p1a: ghold fish|32/100\n|-damage|p1b: better bike|0 fnt\n|faint|p1b: better bike\n|-ability|p2a: Calyrex|Grim Neigh|boost\n|-boost|p2a: Calyrex|spa|1\n|move|p1a: ghold fish|Snarl|p2b: Whimsicott|[spread] p2a,p2b\n|-supereffective|p2a: Calyrex\n|-resisted|p2b: Whimsicott\n|-damage|p2a: Calyrex|38/100\n|-damage|p2b: Whimsicott|80/100\n|-unboost|p2a: Calyrex|spa|1\n|\n|-weather|SunnyDay|[upkeep]\n|upkeep\n|\n|t:|1745969103\n|switch|p1b: cott|Whimsicott, L50, F, shiny|100/100\n|turn|3\n|\n|t:|1745969116\n|move|p2a: Calyrex|Protect|p2a: Calyrex\n|-singleturn|p2a: Calyrex|Protect\n|move|p1b: cott|Tailwind|p1b: cott\n|-sidestart|p1: miraidons the goat|move: Tailwind\n|move|p1a: ghold fish|Snarl|p2a: Calyrex|[spread] p2b\n|-activate|p2a: Calyrex|move: Protect\n|-resisted|p2b: Whimsicott\n|-damage|p2b: Whimsicott|61/100\n|move|p2b: Whimsicott|Moonblast|p1a: ghold fish\n|-damage|p1a: ghold fish|0 fnt\n|faint|p1a: ghold fish\n|\n|-weather|SunnyDay|[upkeep]\n|upkeep\n|\n|t:|1745969131\n|switch|p1a: mental trauma|Calyrex-Shadow, L50|100/100\n|-ability|p1a: mental trauma|As One\n|-ability|p1a: mental trauma|Unnerve\n|turn|4\n|\n|t:|1745969141\n|move|p2b: Whimsicott|Encore|p1b: cott\n|-start|p1b: cott|Encore\n|move|p1b: cott|Tailwind||[still]\n|-fail|p1b: cott\n|move|p2a: Calyrex|Astral Barrage|p1a: mental trauma|[spread] p1a,p1b\n|-supereffective|p1a: mental trauma\n|-damage|p1a: mental trauma|0 fnt\n|-damage|p1b: cott|19/100\n|faint|p1a: mental trauma\n|-ability|p2a: Calyrex|Grim Neigh|boost\n|-boost|p2a: Calyrex|spa|1\n|\n|-weather|SunnyDay|[upkeep]\n|upkeep\n|turn|5\n|-message|miraidons the goat forfeited.\n|\n|win|cafeycigarro\n|raw|miraidons the goat's rating: 1236 &rarr; <strong>1211</strong><br />(-25 for losing)\n|raw|cafeycigarro's rating: 1231 &rarr; <strong>1256</strong><br />(+25 for winning)\n", "uploadtime": 1745969154, "views": 36, "formatid": "gen9vgc2025regibo3", "rating": 1211, "private": 0, "password": null}