{"id": "gen9vgc2025regibo3-2353933129", "format": "[Gen 9] VGC 2025 Reg I (Bo3)", "players": ["lebobguy", "The Hang Dude"], "log": "|j|\u2606lebobguy\n|j|\u2606The Hang Dude\n|html|<table width=\"100%\"><tr><td align=\"left\">lebobguy</td><td align=\"right\">The Hang Dude</tr><tr><td align=\"left\"><i class=\"fa fa-circle-o\"></i> <i class=\"fa fa-circle-o\"></i> </td><td align=\"right\"><i class=\"fa fa-circle-o\"></i> <i class=\"fa fa-circle-o\"></i> </tr></table>\n|uhtml|bestof|<h2><strong>Game 1</strong> of <a href=\"/game-bestof3-gen9vgc2025regibo3-2353933128\">a best-of-3</a></h2>\n|t:|1746020245\n|gametype|doubles\n|player|p1|lebobguy|clown|1169\n|player|p2|The Hang Dude|1|1258\n|teamsize|p1|6\n|teamsize|p2|6\n|gen|9\n|tier|[Gen 9] VGC 2025 Reg I (Bo3)\n|rated|\n|rule|Species Clause: Limit one of each Pok\u00e9mon\n|rule|Item Clause: Limit 1 of each item\n|clearpoke\n|poke|p1|Miraidon, L50|\n|poke|p1|Tornadus, L50, M|\n|poke|p1|Urshifu-*, L50, F|\n|poke|p1|Kyogre, L50|\n|poke|p1|Archaludon, L50, M|\n|poke|p1|Zoroark-Hisui, L50, M|\n|poke|p2|Calyrex-Ice, L50|\n|poke|p2|Miraidon, L50|\n|poke|p2|Incineroar, L50, M|\n|poke|p2|Ogerpon-Cornerstone, L50, F|\n|poke|p2|Urshifu-*, L50, F|\n|poke|p2|Farigiraf, L50, M|\n|teampreview|4\n|showteam|p1|Miraidon||ChoiceSpecs|HadronEngine|ElectroDrift,DazzlingGleam,VoltSwitch,DracoMeteor||||||50|,,,,,Fairy]Tornadus||CovertCloak|Prankster|Tailwind,Taunt,BleakwindStorm,Protect|||M|||50|,,,,,Dark]Urshifu-Rapid-Strike||MysticWater|UnseenFist|AquaJet,SurgingStrikes,LowKick,Detect|||F|||50|,,,,,Grass]Kyogre||LifeOrb|Drizzle|OriginPulse,IceBeam,MuddyWater,Protect||||||50|,,,,,Grass]Archaludon||AssaultVest|Stamina|ElectroShot,DracoMeteor,BodyPress,FlashCannon|||M|||50|,,,,,Ghost]Zoroark-Hisui||ExpertBelt|Illusion|BitterMalice,DarkPulse,Uturn,Detect|||M|||50|,,,,,Fairy\n|showteam|p2|Calyrex-Ice||ClearAmulet|AsOneGlastrier|GlacialLance,HighHorsepower,TrickRoom,Protect||||||50|,,,,,Water]Miraidon||ChoiceSpecs|HadronEngine|ElectroDrift,DracoMeteor,VoltSwitch,DazzlingGleam||||||50|,,,,,Fairy]Incineroar||AssaultVest|Intimidate|FakeOut,FlareBlitz,Uturn,KnockOff|||M|||50|,,,,,Ghost]Ogerpon-Cornerstone||CornerstoneMask|Sturdy|IvyCudgel,PowerWhip,FollowMe,SpikyShield|||F|||50|,,,,,Rock]Urshifu-Rapid-Strike||MysticWater|UnseenFist|SurgingStrikes,CloseCombat,Taunt,Protect|||F|||50|,,,,,Water]Farigiraf||ElectricSeed|ArmorTail|Psychic,FoulPlay,TrickRoom,HelpingHand|||M|||50|,,,,,Water\n|c|\u2606lebobguy|glhf :)\n|inactive|Battle timer is ON: inactive players will automatically lose when time's up. (requested by lebobguy)\n|inactive|The Hang Dude has 60 seconds left.\n|\n|t:|1746020330\n|start\n|switch|p1a: Kyogre|Kyogre, L50|100/100\n|switch|p1b: Archaludon|Archaludon, L50, M|100/100\n|switch|p2a: Miraidon|Miraidon, L50|100/100\n|switch|p2b: Ogerpon|Ogerpon-Cornerstone, L50, F|100/100\n|-fieldstart|move: Electric Terrain|[from] ability: Hadron Engine|[of] p2a: Miraidon\n|-weather|RainDance|[from] ability: Drizzle|[of] p1a: Kyogre\n|turn|1\n|inactive|The Hang Dude has 30 seconds left.\n|inactive|The Hang Dude has 20 seconds left.\n|inactive|The Hang Dude has 15 seconds left.\n|\n|t:|1746020373\n|move|p1a: Kyogre|Protect|p1a: Kyogre\n|-singleturn|p1a: Kyogre|Protect\n|move|p2a: Miraidon|Draco Meteor|p1b: Archaludon\n|-damage|p1b: Archaludon|0 fnt\n|-unboost|p2a: Miraidon|spa|2\n|faint|p1b: Archaludon\n|move|p2b: Ogerpon|Ivy Cudgel|p1a: Kyogre|[anim] Ivy Cudgel Rock\n|-activate|p1a: Kyogre|move: Protect\n|\n|-weather|RainDance|[upkeep]\n|upkeep\n|\n|t:|1746020379\n|switch|p1b: Miraidon|Miraidon, L50|100/100\n|-activate|p1b: Miraidon|ability: Hadron Engine\n|turn|2\n|inactive|The Hang Dude has 30 seconds left.\n|\n|t:|1746020405\n|switch|p2a: Incineroar|Incineroar, L50, M|100/100\n|-ability|p2a: Incineroar|Intimidate|boost\n|-unboost|p1a: Kyogre|atk|1\n|-unboost|p1b: Miraidon|atk|1\n|-terastallize|p1b: Miraidon|Fairy\n|move|p1b: Miraidon|Dazzling Gleam|p2b: Ogerpon|[spread] p2a,p2b\n|-damage|p2a: Incineroar|65/100\n|-damage|p2b: Ogerpon|34/100\n|move|p1a: Kyogre|Origin Pulse|p2a: Incineroar|[spread] p2a\n|-miss|p1a: Kyogre|p2b: Ogerpon\n|-supereffective|p2a: Incineroar\n|-damage|p2a: Incineroar|0 fnt\n|faint|p2a: Incineroar\n|-damage|p1a: Kyogre|91/100|[from] item: Life Orb\n|move|p2b: Ogerpon|Ivy Cudgel|p1a: Kyogre|[anim] Ivy Cudgel Rock\n|-damage|p1a: Kyogre|22/100\n|\n|-weather|RainDance|[upkeep]\n|upkeep\n|inactive|The Hang Dude has 30 seconds left.\n|inactive|The Hang Dude has 20 seconds left.\n|\n|t:|1746020443\n|switch|p2a: Miraidon|Miraidon, L50|100/100\n|-activate|p2a: Miraidon|ability: Hadron Engine\n|turn|3\n|inactive|The Hang Dude has 30 seconds left.\n|\n|t:|1746020476\n|-terastallize|p2a: Miraidon|Fairy\n|move|p1a: Kyogre|Protect|p1a: Kyogre\n|-singleturn|p1a: Kyogre|Protect\n|move|p2b: Ogerpon|Spiky Shield|p2b: Ogerpon\n|-singleturn|p2b: Ogerpon|move: Protect\n|move|p1b: Miraidon|Dazzling Gleam|p2b: Ogerpon|[spread] p2a\n|-activate|p2b: Ogerpon|move: Protect\n|-damage|p2a: Miraidon|46/100\n|move|p2a: Miraidon|Dazzling Gleam|p1b: Miraidon|[spread] p1b\n|-activate|p1a: Kyogre|move: Protect\n|-damage|p1b: Miraidon|44/100\n|\n|-weather|RainDance|[upkeep]\n|upkeep\n|turn|4\n|inactive|The Hang Dude has 30 seconds left.\n|inactive|The Hang Dude has 20 seconds left.\n|inactive|The Hang Dude has 15 seconds left.\n|inactive|The Hang Dude has 10 seconds left.\n|\n|t:|1746020524\n|move|p1b: Miraidon|Dazzling Gleam|p2b: Ogerpon|[spread] p2a,p2b\n|-damage|p2a: Miraidon|0 fnt\n|-damage|p2b: Ogerpon|0 fnt\n|faint|p2a: Miraidon\n|faint|p2b: Ogerpon\n|move|p1a: Kyogre|Origin Pulse|p2: Miraidon|[notarget]\n|-fail|p1a: Kyogre\n|\n|-weather|RainDance|[upkeep]\n|upkeep\n|-message|The Hang Dude forfeited.\n|\n|win|lebobguy\n|l|\u2606The Hang Dude\n|player|p2|\n||The Hang Dude is ready for game 2.\n||lebobguy is ready for game 2.\n|uhtml|next|Next: <a href=\"/battle-gen9vgc2025regibo3-2353936017\"><strong>Game 2 of 3</strong></a>\n|j|\u2606The Hang Dude\n|player|p2|The Hang Dude|1|\n|l|\u2606The Hang Dude\n|player|p2|\n|l|\u2606lebobguy\n|player|p1|\n", "uploadtime": 1746020883, "views": 6, "formatid": "gen9vgc2025regibo3", "rating": null, "private": 0, "password": null}