{"id": "gen9vgc2025regibo3-2354300168", "format": "[Gen 9] VGC 2025 Reg I (Bo3)", "players": ["SHAVEDICEICEBABY", "tacchino98"], "log": "|j|\u2606SHAVEDICEICEBABY\n|j|\u2606tacchino98\n|html|<table width=\"100%\"><tr><td align=\"left\">SHAVEDICEICEBABY</td><td align=\"right\">tacchino98</tr><tr><td align=\"left\"><i class=\"fa fa-circle-o\"></i> <i class=\"fa fa-circle-o\"></i> </td><td align=\"right\"><i class=\"fa fa-circle-o\"></i> <i class=\"fa fa-circle-o\"></i> </tr></table>\n|uhtml|bestof|<h2><strong>Game 1</strong> of <a href=\"/game-bestof3-gen9vgc2025regibo3-2354300167\">a best-of-3</a></h2>\n|t:|1746054627\n|gametype|doubles\n|player|p1|SHAVEDICEICEBABY|lucas|1217\n|player|p2|tacchino98|169|1219\n|teamsize|p1|6\n|teamsize|p2|6\n|gen|9\n|tier|[Gen 9] VGC 2025 Reg I (Bo3)\n|rated|\n|rule|Species Clause: Limit one of each Pok\u00e9mon\n|rule|Item Clause: Limit 1 of each item\n|clearpoke\n|poke|p1|Koraidon, L50|\n|poke|p1|Walking Wake, L50|\n|poke|p1|Calyrex-Shadow, L50|\n|poke|p1|Whimsicott, L50, M|\n|poke|p1|Iron Hands, L50|\n|poke|p1|Chi-Yu, L50|\n|poke|p2|Calyrex-Ice, L50|\n|poke|p2|Farigiraf, L50, F|\n|poke|p2|Miraidon, L50|\n|poke|p2|Iron Hands, L50|\n|poke|p2|Urshifu-*, L50, M|\n|poke|p2|Landorus, L50, M|\n|teampreview|4\n|showteam|p1|Koraidon||ClearAmulet|OrichalcumPulse|FlameCharge,FlareBlitz,CollisionCourse,Protect||||||50|,,,,,Fire]Walking Wake||CovertCloak|Protosynthesis|HydroSteam,DracoMeteor,Snarl,Protect||||||50|,,,,,Steel]Calyrex-Shadow||LifeOrb|AsOneSpectrier|Protect,AstralBarrage,Psychic,PollenPuff||||||50|,,,,,Dark]Whimsicott||FocusSash|Prankster|Moonblast,LightScreen,Tailwind,Protect|||M|||50|,,,,,Ghost]Iron Hands||AssaultVest|QuarkDrive|FakeOut,DrainPunch,WildCharge,LowKick||||||50|,,,,,Water]Chi-Yu||ChoiceScarf|BeadsofRuin|HeatWave,Overheat,Snarl,DarkPulse||||||50|,,,,,Ghost\n|showteam|p2|Calyrex-Ice||ClearAmulet|AsOneGlastrier|GlacialLance,HighHorsepower,TrickRoom,Protect||||||50|,,,,,Water]Farigiraf||ElectricSeed|ArmorTail|Psychic,FoulPlay,HelpingHand,TrickRoom|||F|||50|,,,,,Water]Miraidon||ChoiceSpecs|HadronEngine|ElectroDrift,DracoMeteor,DazzlingGleam,VoltSwitch||||||50|,,,,,Fairy]Iron Hands||AssaultVest|QuarkDrive|FakeOut,DrainPunch,LowKick,WildCharge||||||50|,,,,,Grass]Urshifu-Rapid-Strike||FocusSash|UnseenFist|SurgingStrikes,CloseCombat,Taunt,Protect|||M|||50|,,,,,Stellar]Landorus||ChoiceScarf|SheerForce|EarthPower,SandsearStorm,SludgeBomb,Psychic|||M|||50|,,,,,Water\n|inactive|Battle timer is ON: inactive players will automatically lose when time's up. (requested by tacchino98)\n|j| Phenom23\n|l| Phenom23\n|inactive|SHAVEDICEICEBABY has 60 seconds left.\n|inactive|tacchino98 has 60 seconds left.\n|inactive|tacchino98 has 30 seconds left.\n|inactive|tacchino98 has 20 seconds left.\n|inactive|tacchino98 has 15 seconds left.\n|inactive|tacchino98 has 10 seconds left.\n|inactive|tacchino98 has 5 seconds left.\n|\n|t:|1746054715\n|start\n|switch|p1a: Calyrex|Calyrex-Shadow, L50|100/100\n|switch|p1b: Chi-Yu|Chi-Yu, L50|100/100\n|switch|p2a: Iron Hands|Iron Hands, L50|100/100\n|switch|p2b: Calyrex|Calyrex-Ice, L50|100/100\n|-ability|p1a: Calyrex|As One\n|-ability|p1a: Calyrex|Unnerve\n|-ability|p2b: Calyrex|As One\n|-ability|p2b: Calyrex|Unnerve\n|-ability|p1b: Chi-Yu|Beads of Ruin\n|turn|1\n|\n|t:|1746054737\n|-terastallize|p1b: Chi-Yu|Ghost\n|-terastallize|p2b: Calyrex|Water\n|move|p1b: Chi-Yu|Dark Pulse|p2b: Calyrex\n|-damage|p2b: Calyrex|61/100\n|move|p1a: Calyrex|Astral Barrage|p2a: Iron Hands|[spread] p2a,p2b\n|-damage|p2a: Iron Hands|54/100\n|-damage|p2b: Calyrex|0 fnt\n|faint|p2b: Calyrex\n|-ability|p1a: Calyrex|Grim Neigh|boost\n|-boost|p1a: Calyrex|spa|1\n|-damage|p1a: Calyrex|91/100|[from] item: Life Orb\n|move|p2a: Iron Hands|Wild Charge|p1b: Chi-Yu\n|-damage|p1b: Chi-Yu|23/100\n|-damage|p2a: Iron Hands|44/100|[from] Recoil\n|\n|upkeep\n|\n|t:|1746054749\n|switch|p2b: Farigiraf|Farigiraf, L50, F|100/100\n|turn|2\n|-message|tacchino98 forfeited.\n|\n|win|SHAVEDICEICEBABY\n|l|\u2606tacchino98\n|player|p2|\n||SHAVEDICEICEBABY is ready for game 2.\n||tacchino98 is ready for game 2.\n|uhtml|next|Next: <a href=\"/battle-gen9vgc2025regibo3-2354301296\"><strong>Game 2 of 3</strong></a>\n", "uploadtime": 1746054949, "views": 8, "formatid": "gen9vgc2025regibo3", "rating": null, "private": 0, "password": null}